{
  "id": "gen9championsvgc2026regma-2582711671",
  "format": "[Gen 9 Champions] VGC 2026 Reg M-A",
  "players": [
    "mimrat6",
    "CoolTrainerBu"
  ],
  "log": "|j|\u2606mimrat6\n|j|\u2606CoolTrainerBu\n|t:|1776108918\n|gametype|doubles\n|player|p1|mimrat6|backersf|1136\n|player|p2|CoolTrainerBu|101|1110\n|gen|9\n|tier|[Gen 9 Champions] VGC 2026 Reg M-A\n|rated|\n|rule|Species Clause: Limit one of each Pok\u00e9mon\n|rule|Item Clause: Limit 1 of each item\n|clearpoke\n|poke|p1|Gengar, L50, F|\n|poke|p1|Pelipper, L50, F|\n|poke|p1|Archaludon, L50, F|\n|poke|p1|Basculegion, L50, M|\n|poke|p1|Sneasler, L50, M|\n|poke|p1|Incineroar, L50, M|\n|poke|p2|Charizard, L50, F|\n|poke|p2|Whimsicott, L50, F|\n|poke|p2|Garchomp, L50, F|\n|poke|p2|Sneasler, L50, F|\n|poke|p2|Maushold, L50|\n|poke|p2|Incineroar, L50, F|\n|teampreview|4\n|inactive|Battle timer is ON: inactive players will automatically lose when time's up. (requested by mimrat6)\n|inactive|mimrat6 has 60 seconds left.\n|inactive|CoolTrainerBu has 60 seconds left.\n|inactive|CoolTrainerBu has 30 seconds left.\n|\n|t:|1776108983\n|teamsize|p1|4\n|teamsize|p2|4\n|start\n|switch|p1a: Archaludon|Archaludon, L50, F|100/100\n|switch|p1b: Basculegion|Basculegion, L50, M|100/100\n|switch|p2a: Incineroar|Incineroar, L50, F|100/100\n|switch|p2b: Garchomp|Garchomp, L50, F|100/100\n|-ability|p2a: Incineroar|Intimidate|boost\n|-unboost|p1a: Archaludon|atk|1\n|-unboost|p1b: Basculegion|atk|1\n|turn|1\n|inactive|mimrat6 has 30 seconds left.\n|inactive|CoolTrainerBu has 30 seconds left.\n|\n|t:|1776109014\n|move|p1a: Archaludon|Protect|p1a: Archaludon\n|-singleturn|p1a: Archaludon|Protect\n|move|p2a: Incineroar|Fake Out|p1a: Archaludon\n|-activate|p1a: Archaludon|move: Protect\n|move|p1b: Basculegion|Flip Turn|p2a: Incineroar\n|-supereffective|p2a: Incineroar|1\n|-damage|p2a: Incineroar|53/100\n|\n|t:|1776109025\n|switch|p1b: Pelipper|Pelipper, L50, F|100/100|[from] Flip Turn\n|-weather|RainDance|[from] ability: Drizzle|[of] p1b: Pelipper\n|move|p2b: Garchomp|Rock Slide|p1b: Pelipper|[spread] p1b\n|-activate|p1a: Archaludon|move: Protect\n|-supereffective|p1b: Pelipper|1\n|-damage|p1b: Pelipper|52/100\n|\n|-weather|RainDance|[upkeep]\n|upkeep\n|turn|2\n|inactive|mimrat6 has 30 seconds left.\n|inactive|CoolTrainerBu has 30 seconds left.\n|inactive|CoolTrainerBu has 20 seconds left.\n|inactive|mimrat6 has 20 seconds left.\n|\n|t:|1776109066\n|move|p2b: Garchomp|Rock Slide|p1a: Archaludon|[spread] p1a,p1b\n|-resisted|p1a: Archaludon|1\n|-supereffective|p1b: Pelipper|1\n|-damage|p1a: Archaludon|93/100\n|-damage|p1b: Pelipper|0 fnt\n|-ability|p1a: Archaludon|Stamina|boost\n|-boost|p1a: Archaludon|def|1\n|faint|p1b: Pelipper\n|move|p1a: Archaludon|Electro Shot||[still]\n|-prepare|p1a: Archaludon|Electro Shot\n|-boost|p1a: Archaludon|spa|1\n|-anim|p1a: Archaludon|Electro Shot|p2a: Incineroar\n|-damage|p2a: Incineroar|0 fnt\n|faint|p2a: Incineroar\n|\n|-weather|RainDance|[upkeep]\n|-heal|p1a: Archaludon|99/100|[from] item: Leftovers\n|upkeep\n|\n|t:|1776109088\n|switch|p1b: Gengar|Gengar, L50, F|100/100\n|switch|p2a: Whimsicott|Whimsicott, L50, F|100/100\n|turn|3\n|\n|t:|1776109103\n|detailschange|p1b: Gengar|Gengar-Mega, L50, F\n|-mega|p1b: Gengar|Gengar|Gengarite\n|move|p2a: Whimsicott|Tailwind|p2a: Whimsicott\n|-sidestart|p2: CoolTrainerBu|move: Tailwind\n|move|p2b: Garchomp|Earthquake|p1a: Archaludon|[spread] p2a,p1a,p1b\n|-resisted|p2a: Whimsicott|1\n|-supereffective|p1a: Archaludon|1\n|-supereffective|p1b: Gengar|1\n|-damage|p2a: Whimsicott|72/100\n|-damage|p1a: Archaludon|60/100\n|-damage|p1b: Gengar|0 fnt\n|-ability|p1a: Archaludon|Stamina|boost\n|-boost|p1a: Archaludon|def|1\n|faint|p1b: Gengar\n|move|p1a: Archaludon|Draco Meteor|p2b: Garchomp\n|-supereffective|p2b: Garchomp|1\n|-damage|p2b: Garchomp|0 fnt\n|-unboost|p1a: Archaludon|spa|2\n|faint|p2b: Garchomp\n|\n|-weather|RainDance|[upkeep]\n|-heal|p1a: Archaludon|65/100|[from] item: Leftovers\n|upkeep\n|\n|t:|1776109119\n|switch|p1b: Basculegion|Basculegion, L50, M|100/100\n|switch|p2b: Charizard|Charizard, L50, F|100/100\n|turn|4\n|inactive|CoolTrainerBu has 30 seconds left.\n|\n|t:|1776109146\n|detailschange|p2b: Charizard|Charizard-Mega-Y, L50, F\n|-mega|p2b: Charizard|Charizard|Charizardite Y\n|-weather|SunnyDay|[from] ability: Drought|[of] p2b: Charizard\n|move|p2a: Whimsicott|Moonblast|p1b: Basculegion\n|-damage|p1b: Basculegion|59/100\n|move|p2b: Charizard|Heat Wave|p1b: Basculegion|[spread] p1a,p1b\n|-resisted|p1b: Basculegion|1\n|-damage|p1a: Archaludon|0 fnt\n|-damage|p1b: Basculegion|21/100\n|faint|p1a: Archaludon\n|move|p1b: Basculegion|Wave Crash|p2b: Charizard\n|-supereffective|p2b: Charizard|1\n|-damage|p2b: Charizard|15/100\n|-damage|p1b: Basculegion|0 fnt|[from] Recoil\n|faint|p1b: Basculegion\n|\n|win|CoolTrainerBu\n|raw|mimrat6's rating: 1136 &rarr; <strong>1109</strong><br />(-27 for losing)\n|raw|CoolTrainerBu's rating: 1110 &rarr; <strong>1137</strong><br />(+27 for winning)\n|l|\u2606mimrat6\n|player|p1|\n",
  "uploadtime": 1776109175,
  "views": 13,
  "formatid": "gen9championsvgc2026regma",
  "rating": 1109,
  "private": 0,
  "password": null
}