{
  "id": "gen9championsvgc2026regma-2581560198",
  "format": "[Gen 9 Champions] VGC 2026 Reg M-A",
  "players": [
    "memesrule",
    "Funnylion"
  ],
  "log": "|j|\u2606memesrule\n|j|\u2606Funnylion\n|t:|1776011000\n|gametype|doubles\n|player|p1|memesrule|102|1193\n|player|p2|Funnylion|victor-league|1154\n|gen|9\n|tier|[Gen 9 Champions] VGC 2026 Reg M-A\n|rated|\n|rule|Species Clause: Limit one of each Pok\u00e9mon\n|rule|Item Clause: Limit 1 of each item\n|clearpoke\n|poke|p1|Drampa, L50, M|\n|poke|p1|Alakazam, L50, M|\n|poke|p1|Sinistcha, L50|\n|poke|p1|Incineroar, L50, M|\n|poke|p1|Scizor, L50, M|\n|poke|p1|Pelipper, L50, M|\n|poke|p2|Whimsicott, L50, M|\n|poke|p2|Gengar, L50, M|\n|poke|p2|Kingambit, L50, F|\n|poke|p2|Pelipper, L50, F|\n|poke|p2|Basculegion, L50, M|\n|poke|p2|Meganium, L50, M|\n|teampreview|4\n|inactive|Battle timer is ON: inactive players will automatically lose when time's up. (requested by Funnylion)\n|c|\u2606Funnylion|glhf\nFunnylion has agreed to open team sheets.\n|c|\u2606memesrule|u2\nmemesrule rejected open team sheets.\n|c|\u2606Funnylion|oh the wolfe team yh?\n|c|\u2606memesrule|haha\n|c|\u2606memesrule|yeah\n|inactive|memesrule has 60 seconds left.\n|inactive|Funnylion has 60 seconds left.\n|c|\u2606Funnylion|dw i don't know the sets, just went onto the stream a bit yesterday\n|\n|t:|1776011047\n|teamsize|p1|4\n|teamsize|p2|4\n|start\n|switch|p1a: Drampa|Drampa, L50, M|100/100\n|switch|p1b: Alakazam|Alakazam, L50, M|100/100\n|switch|p2a: Pelipper|Pelipper, L50, F|100/100\n|switch|p2b: Basculegion|Basculegion, L50, M|100/100\n|-weather|RainDance|[from] ability: Drizzle|[of] p2a: Pelipper\n|-ability|p1a: Drampa|Cloud Nine\n|turn|1\n|c|\u2606memesrule|i don't know them all. I guessed a bit\n|inactive|memesrule has 30 seconds left.\n|inactive|Funnylion has 30 seconds left.\n|inactive|memesrule has 20 seconds left.\n|inactive|Funnylion has 20 seconds left.\n|inactive|memesrule has 15 seconds left.\n|\n|t:|1776011088\n|detailschange|p1a: Drampa|Drampa-Mega, L50, M\n|-mega|p1a: Drampa|Drampa|Drampanite\n|move|p2a: Pelipper|Wide Guard|p2a: Pelipper\n|-singleturn|p2a: Pelipper|Wide Guard\n|move|p2b: Basculegion|Flip Turn|p1b: Alakazam\n|-damage|p1b: Alakazam|12/100\n|\n|t:|1776011097\n|switch|p2b: Kingambit|Kingambit, L50, F|100/100|[from] Flip Turn\n|move|p1b: Alakazam|Light Screen|p1b: Alakazam\n|-sidestart|p1: memesrule|move: Light Screen\n|move|p1a: Drampa|Calm Mind|p1a: Drampa\n|-boost|p1a: Drampa|spa|1\n|-boost|p1a: Drampa|spd|1\n|\n|-weather|RainDance|[upkeep]\n|upkeep\n|turn|2\n|\n|t:|1776011109\n|switch|p1b: Incineroar|Incineroar, L50, M|100/100\n|-ability|p1b: Incineroar|Intimidate|boost\n|-unboost|p2a: Pelipper|atk|1\n|-unboost|p2b: Kingambit|atk|1\n|-ability|p2b: Kingambit|Defiant|boost\n|-boost|p2b: Kingambit|atk|2\n|move|p2a: Pelipper|Weather Ball|p1b: Incineroar\n|-supereffective|p1b: Incineroar|1\n|-damage|p1b: Incineroar|27/100\n|move|p2b: Kingambit|Low Kick|p1a: Drampa\n|-supereffective|p1a: Drampa|1\n|-damage|p1a: Drampa|0 fnt\n|faint|p1a: Drampa\n|\n|-weather|RainDance|[upkeep]\n|upkeep\n|c|\u2606Funnylion|prob ggs\n|\n|t:|1776011125\n|switch|p1a: Sinistcha|Sinistcha, L50|100/100\n|-heal|p1b: Incineroar|51/100|[from] ability: Hospitality|[of] p1a: Sinistcha\n|turn|3\n|c|\u2606memesrule|gg\n|-message|memesrule forfeited.\n|\n|win|Funnylion\n|raw|memesrule's rating: 1193 &rarr; <strong>1165</strong><br />(-28 for losing)\n|raw|Funnylion's rating: 1154 &rarr; <strong>1182</strong><br />(+28 for winning)\n|l|\u2606memesrule\n|player|p1|\n",
  "uploadtime": 1776011164,
  "views": 16,
  "formatid": "gen9championsvgc2026regma",
  "rating": 1165,
  "private": 0,
  "password": null
}