{
  "id": "gen9championsvgc2026regma-2586142711",
  "format": "[Gen 9 Champions] VGC 2026 Reg M-A",
  "players": [
    "Mark Smith",
    "25th_mang"
  ],
  "log": "|j|\u2606Mark Smith\n|j|\u260625th_mang\n|t:|1776404360\n|gametype|doubles\n|player|p1|Mark Smith|170|1262\n|player|p2|25th_mang|ballguy|1353\n|gen|9\n|tier|[Gen 9 Champions] VGC 2026 Reg M-A\n|rated|\n|rule|Species Clause: Limit one of each Pok\u00e9mon\n|rule|Item Clause: Limit 1 of each item\n|clearpoke\n|poke|p1|Delphox, L50, M|\n|poke|p1|Garchomp, L50, M|\n|poke|p1|Blastoise, L50, M|\n|poke|p1|Maushold, L50|\n|poke|p1|Whimsicott, L50, F|\n|poke|p1|Weavile, L50, M|\n|poke|p2|Crabominable, L50, M|\n|poke|p2|Farigiraf, L50, F|\n|poke|p2|Incineroar, L50, M|\n|poke|p2|Archaludon, L50, M|\n|poke|p2|Pelipper, L50, M|\n|poke|p2|Sinistcha, L50|\n|teampreview|4\n|inactive|Battle timer is ON: inactive players will automatically lose when time's up. (requested by 25th_mang)\nMark Smith rejected open team sheets.\n|\n|t:|1776404384\n|teamsize|p1|4\n|teamsize|p2|4\n|start\n|switch|p1a: Delphox|Delphox, L50, M|100/100\n|switch|p1b: Garchomp|Garchomp, L50, M|100/100\n|switch|p2a: Roar|Incineroar, L50, M|100/100\n|switch|p2b: Flip|Farigiraf, L50, F|100/100\n|-ability|p2a: Roar|Intimidate|boost\n|-unboost|p1a: Delphox|atk|1\n|-unboost|p1b: Garchomp|atk|1\n|turn|1\n|\n|t:|1776404399\n|detailschange|p1a: Delphox|Delphox-Mega, L50, M\n|-mega|p1a: Delphox|Delphox|Delphoxite\n|move|p1a: Delphox|Protect|p1a: Delphox\n|-singleturn|p1a: Delphox|Protect\n|move|p2a: Roar|Fake Out|p1b: Garchomp\n|-damage|p1b: Garchomp|88/100\n|-damage|p2a: Roar|88/100|[from] ability: Rough Skin|[of] p1b: Garchomp\n|cant|p1b: Garchomp|flinch\n|move|p2b: Flip|Trick Room|p2b: Flip\n|-fieldstart|move: Trick Room|[of] p2b: Flip\n|\n|upkeep\n|turn|2\n|\n|t:|1776404418\n|switch|p1a: Maushold|Maushold, L50|100/100\n|move|p2b: Flip|Hyper Voice|p1b: Garchomp|[spread] p1a,p1b\n|-damage|p1a: Maushold|67/100\n|-damage|p1b: Garchomp|67/100\n|move|p2a: Roar|Assurance|p1b: Garchomp\n|-damage|p1b: Garchomp|10/100\n|-damage|p2a: Roar|76/100|[from] ability: Rough Skin|[of] p1b: Garchomp\n|move|p1b: Garchomp|Swords Dance|p1b: Garchomp\n|-boost|p1b: Garchomp|atk|2\n|\n|upkeep\n|turn|3\n|\n|t:|1776404438\n|move|p1b: Garchomp|Protect|p1b: Garchomp\n|-singleturn|p1b: Garchomp|Protect\n|move|p2b: Flip|Hyper Voice|p1a: Maushold|[spread] p1a\n|-activate|p1b: Garchomp|move: Protect\n|-damage|p1a: Maushold|37/100\n|move|p2a: Roar|Assurance|p1a: Maushold\n|-damage|p1a: Maushold|0 fnt\n|faint|p1a: Maushold\n|\n|upkeep\n|\n|t:|1776404447\n|switch|p1a: Weavile|Weavile, L50, M|100/100\n|-ability|p1a: Weavile|Pressure\n|turn|4\n|inactive|25th_mang has 30 seconds left.\n|inactive|25th_mang has 20 seconds left.\n|inactive|25th_mang has 15 seconds left.\n|inactive|25th_mang has 10 seconds left.\n|\n|t:|1776404494\n|move|p2b: Flip|Hyper Voice|p1a: Weavile|[spread] p1a,p1b\n|-damage|p1a: Weavile|63/100\n|-damage|p1b: Garchomp|0 fnt\n|faint|p1b: Garchomp\n|move|p2a: Roar|Flare Blitz|p1a: Weavile\n|-supereffective|p1a: Weavile|1\n|-damage|p1a: Weavile|0 fnt\n|faint|p1a: Weavile\n|-damage|p2a: Roar|59/100|[from] Recoil\n|\n|upkeep\n|-message|Mark Smith forfeited.\n|\n|win|25th_mang\n|raw|Mark Smith's rating: 1262 &rarr; <strong>1243</strong><br />(-19 for losing)\n|raw|25th_mang's rating: 1353 &rarr; <strong>1368</strong><br />(+15 for winning)\n",
  "uploadtime": 1776404514,
  "views": 45,
  "formatid": "gen9championsvgc2026regma",
  "rating": 1243,
  "private": 0,
  "password": null
}