{
  "id": "gen9championsvgc2026regma-2581720740",
  "format": "[Gen 9 Champions] VGC 2026 Reg M-A",
  "players": [
    "ChippyZorua",
    "yuriimon"
  ],
  "log": "|j|\u2606ChippyZorua\n|j|\u2606yuriimon\n|t:|1776023288\n|gametype|doubles\n|player|p1|ChippyZorua|unknownf|1000\n|player|p2|yuriimon|waitress-gen4|1037\n|gen|9\n|tier|[Gen 9 Champions] VGC 2026 Reg M-A\n|rated|\n|rule|Species Clause: Limit one of each Pok\u00e9mon\n|rule|Item Clause: Limit 1 of each item\n|clearpoke\n|poke|p1|Aggron, L50, F|\n|poke|p1|Armarouge, L50, M|\n|poke|p1|Farigiraf, L50, M|\n|poke|p1|Kingambit, L50, F|\n|poke|p1|Hatterene, L50, F|\n|poke|p1|Incineroar, L50, M|\n|poke|p2|Feraligatr, L50, M|\n|poke|p2|Aerodactyl, L50, F|\n|poke|p2|Sneasler, L50, F|\n|poke|p2|Mimikyu, L50, F|\n|poke|p2|Camerupt, L50, M|\n|poke|p2|Kingambit, L50, M|\n|teampreview|4\n|inactive|Battle timer is ON: inactive players will automatically lose when time's up. (requested by yuriimon)\n|inactive|ChippyZorua also wants the timer to be on.\n|inactive|ChippyZorua has 60 seconds left.\n|\n|t:|1776023326\n|teamsize|p1|4\n|teamsize|p2|4\n|start\n|switch|p1a: Farigiraf|Farigiraf, L50, M|100/100\n|switch|p1b: Incineroar|Incineroar, L50, M|100/100\n|switch|p2a: Sneasler|Sneasler, L50, F|100/100\n|switch|p2b: Mimikyu|Mimikyu, L50, F|100/100\n|-ability|p1b: Incineroar|Intimidate|boost\n|-unboost|p2a: Sneasler|atk|1\n|-unboost|p2b: Mimikyu|atk|1\n|turn|1\n|inactive|yuriimon has 30 seconds left.\n|\n|t:|1776023354\n|switch|p2a: Camerupt|Camerupt, L50, M|100/100\n|switch|p2b: Feraligatr|Feraligatr, L50, M|100/100\n|move|p1b: Incineroar|Fake Out|p2a: Camerupt\n|-damage|p2a: Camerupt|87/100\n|move|p1a: Farigiraf|Trick Room|p1a: Farigiraf\n|-fieldstart|move: Trick Room|[of] p1a: Farigiraf\n|\n|upkeep\n|turn|2\n|inactive|yuriimon has 30 seconds left.\n|\n|t:|1776023382\n|detailschange|p2a: Camerupt|Camerupt-Mega, L50, M\n|-mega|p2a: Camerupt|Camerupt|Cameruptite\n|move|p2a: Camerupt|Eruption|p1a: Farigiraf|[spread] p1a,p1b\n|-crit|p1a: Farigiraf\n|-resisted|p1b: Incineroar|1\n|-damage|p1a: Farigiraf|8/100\n|-damage|p1b: Incineroar|78/100\n|move|p1a: Farigiraf|Energy Ball|p2b: Feraligatr\n|-supereffective|p2b: Feraligatr|1\n|-damage|p2b: Feraligatr|39/100\n|move|p1b: Incineroar|Parting Shot|p2a: Camerupt\n|-unboost|p2a: Camerupt|atk|1\n|-unboost|p2a: Camerupt|spa|1\n|\n|t:|1776023399\n|switch|p1b: Aggron|Aggron, L50, F|100/100|[from] Parting Shot\n|move|p2b: Feraligatr|Swords Dance|p2b: Feraligatr\n|-boost|p2b: Feraligatr|atk|2\n|\n|upkeep\n|turn|3\n|\n|t:|1776023416\n|detailschange|p1b: Aggron|Aggron-Mega, L50, F\n|-mega|p1b: Aggron|Aggron|Aggronite\n|move|p2a: Camerupt|Eruption|p1a: Farigiraf|[spread] p1a,p1b\n|-supereffective|p1b: Aggron|1\n|-damage|p1a: Farigiraf|0 fnt\n|-damage|p1b: Aggron|51/100\n|faint|p1a: Farigiraf\n|move|p1b: Aggron|Body Press|p2a: Camerupt\n|-damage|p2a: Camerupt|47/100\n|move|p2b: Feraligatr|Liquidation|p1b: Aggron\n|-damage|p1b: Aggron|0 fnt\n|faint|p1b: Aggron\n|\n|upkeep\n|-message|ChippyZorua forfeited.\n|\n|win|yuriimon\n|raw|ChippyZorua's rating: 1000 &rarr; <strong>1000</strong><br />(+0 for losing)\n|raw|yuriimon's rating: 1037 &rarr; <strong>1068</strong><br />(+31 for winning)\n|l|\u2606ChippyZorua\n|player|p1|\n",
  "uploadtime": 1776023432,
  "views": 13,
  "formatid": "gen9championsvgc2026regma",
  "rating": 1000,
  "private": 0,
  "password": null
}