{
  "id": "gen9championsvgc2026regma-2585827801",
  "format": "[Gen 9 Champions] VGC 2026 Reg M-A",
  "players": [
    "weighosting",
    "AndreHero007"
  ],
  "log": "|j|\u2606weighosting\n|j|\u2606AndreHero007\n|t:|1776373635\n|gametype|doubles\n|player|p1|weighosting|wallace|1067\n|player|p2|AndreHero007|1|1102\n|gen|9\n|tier|[Gen 9 Champions] VGC 2026 Reg M-A\n|rated|\n|rule|Species Clause: Limit one of each Pok\u00e9mon\n|rule|Item Clause: Limit 1 of each item\n|clearpoke\n|poke|p1|Crabominable, L50, M|\n|poke|p1|Slowking-Galar, L50, M|\n|poke|p1|Incineroar, L50, M|\n|poke|p1|Maushold, L50|\n|poke|p1|Kingambit, L50, M|\n|poke|p1|Farigiraf, L50, F|\n|poke|p2|Alakazam, L50, F|\n|poke|p2|Delphox, L50, M|\n|poke|p2|Liepard, L50, F|\n|poke|p2|Basculegion, L50, M|\n|poke|p2|Jolteon, L50, F|\n|poke|p2|Excadrill, L50, M|\n|teampreview|4\n|inactive|Battle timer is ON: inactive players will automatically lose when time's up. (requested by weighosting)\n|\n|t:|1776373704\n|teamsize|p1|4\n|teamsize|p2|4\n|start\n|switch|p1a: Slowking|Slowking-Galar, L50, M|100/100\n|switch|p1b: Incineroar|Incineroar, L50, M|100/100\n|switch|p2a: Alakazam|Alakazam, L50, F|100/100\n|switch|p2b: Liepard|Liepard, L50, F, shiny|100/100\n|-ability|p1b: Incineroar|Intimidate|boost\n|-fail|p2a: Alakazam|unboost|Attack|[from] ability: Inner Focus|[of] p2a: Alakazam\n|-unboost|p2b: Liepard|atk|1\n|turn|1\n|inactive|AndreHero007 has 30 seconds left.\n|\n|t:|1776373736\n|switch|p1a: Kingambit|Kingambit, L50, M|100/100\n|detailschange|p2a: Alakazam|Alakazam-Mega, L50, F\n|-mega|p2a: Alakazam|Alakazam|Alakazite\n|-ability|p2a: Alakazam|Intimidate|Trace|[from] ability: Trace|[of] p1b: Incineroar\n|-ability|p2a: Alakazam|Intimidate|boost\n|-unboost|p1a: Kingambit|atk|1\n|-ability|p1a: Kingambit|Defiant|boost\n|-boost|p1a: Kingambit|atk|2\n|-unboost|p1b: Incineroar|atk|1\n|move|p2b: Liepard|Fake Out|p1a: Kingambit\n|-resisted|p1a: Kingambit|1\n|-damage|p1a: Kingambit|98/100\n|move|p2a: Alakazam|Nasty Plot|p2a: Alakazam\n|-boost|p2a: Alakazam|spa|2\n|move|p1b: Incineroar|Darkest Lariat|p2a: Alakazam\n|-supereffective|p2a: Alakazam|1\n|-damage|p2a: Alakazam|1/100\n|\n|upkeep\n|turn|2\n|\n|t:|1776373756\n|move|p2a: Alakazam|Protect|p2a: Alakazam\n|-singleturn|p2a: Alakazam|Protect\n|move|p2b: Liepard|Double Team|p2b: Liepard\n|-boost|p2b: Liepard|evasion|1\n|move|p1b: Incineroar|Flare Blitz|p2a: Alakazam\n|-activate|p2a: Alakazam|move: Protect\n|move|p1a: Kingambit|Low Kick|p2b: Liepard\n|-supereffective|p2b: Liepard|1\n|-damage|p2b: Liepard|0 fnt\n|faint|p2b: Liepard\n|\n|upkeep\n|-message|AndreHero007 forfeited.\n|\n|win|weighosting\n|raw|weighosting's rating: 1067 &rarr; <strong>1100</strong><br />(+33 for winning)\n|raw|AndreHero007's rating: 1102 &rarr; <strong>1074</strong><br />(-28 for losing)\n|l|\u2606AndreHero007\n|player|p2|\n|c|\u2606weighosting|DXD\n|c|\u2606weighosting|X\n|c|\u2606weighosting|DXD\n|c|\u2606weighosting|X\n|c|\u2606weighosting|D\n",
  "uploadtime": 1776373775,
  "views": 16,
  "formatid": "gen9championsvgc2026regma",
  "rating": 1074,
  "private": 0,
  "password": null
}