{
  "id": "gen9championsvgc2026regma-2582025752",
  "format": "[Gen 9 Champions] VGC 2026 Reg M-A",
  "players": [
    "Jejunewman",
    "Everest_Eternal"
  ],
  "log": "|j|\u2606Jejunewman\n|j|\u2606Everest_Eternal\n|t:|1776049535\n|gametype|doubles\n|player|p1|Jejunewman|170|1055\n|player|p2|Everest_Eternal|n|1005\n|gen|9\n|tier|[Gen 9 Champions] VGC 2026 Reg M-A\n|rated|\n|rule|Species Clause: Limit one of each Pok\u00e9mon\n|rule|Item Clause: Limit 1 of each item\n|clearpoke\n|poke|p1|Charizard, L50, F|\n|poke|p1|Floette-Eternal, L50, F|\n|poke|p1|Whimsicott, L50, M|\n|poke|p1|Incineroar, L50, F|\n|poke|p1|Aegislash, L50, M|\n|poke|p1|Aerodactyl, L50, M|\n|poke|p2|Ceruledge, L50, F|\n|poke|p2|Froslass, L50, F|\n|poke|p2|Chandelure, L50, F|\n|poke|p2|Meowscarada, L50, F|\n|poke|p2|Lucario, L50, M|\n|poke|p2|Zoroark-Hisui, L50, F|\n|teampreview|4\nEverest_Eternal rejected open team sheets.\n|inactive|Battle timer is ON: inactive players will automatically lose when time's up. (requested by Everest_Eternal)\n|\n|t:|1776049554\n|teamsize|p1|4\n|teamsize|p2|4\n|start\n|switch|p1a: Aerodactyl|Aerodactyl, L50, M|100/100\n|switch|p1b: Whimsicott|Whimsicott, L50, M, shiny|100/100\n|switch|p2a: Chandelure|Chandelure, L50, F|100/100\n|switch|p2b: Ceruledge|Ceruledge, L50, F, shiny|100/100\n|-ability|p1a: Aerodactyl|Unnerve\n|turn|1\n|\n|t:|1776049573\n|detailschange|p2a: Chandelure|Chandelure-Mega, L50, F\n|-mega|p2a: Chandelure|Chandelure|Chandelurite\n|move|p1b: Whimsicott|Tailwind|p1b: Whimsicott\n|-sidestart|p1: Jejunewman|move: Tailwind\n|move|p1a: Aerodactyl|Rock Slide|p2b: Ceruledge|[spread] p2a\n|-miss|p1a: Aerodactyl|p2b: Ceruledge\n|-supereffective|p2a: Chandelure|1\n|-damage|p2a: Chandelure|49/100\n|move|p2a: Chandelure|Flame Charge|p2b: Ceruledge\n|-start|p2b: Ceruledge|ability: Flash Fire\n|move|p2b: Ceruledge|Heat Wave|p1a: Aerodactyl|[spread] p1a,p1b\n|-resisted|p1a: Aerodactyl|1\n|-supereffective|p1b: Whimsicott|1\n|-damage|p1a: Aerodactyl|78/100\n|-enditem|p1b: Whimsicott|Focus Sash\n|-damage|p1b: Whimsicott|1/100\n|\n|upkeep\n|turn|2\n|c|\u2606Jejunewman|someone really hates charizard\n|inactive|Jejunewman has 30 seconds left.\n|inactive|Everest_Eternal has 30 seconds left.\n|inactive|Jejunewman has 20 seconds left.\n|inactive|Everest_Eternal has 20 seconds left.\n|\n|t:|1776049611\n|switch|p1b: Incineroar|Incineroar, L50, F|100/100\n|-ability|p1b: Incineroar|Intimidate|boost\n|-unboost|p2a: Chandelure|atk|1\n|-unboost|p2b: Ceruledge|atk|1\n|move|p1a: Aerodactyl|Rock Slide|p2a: Chandelure|[spread] p2a,p2b\n|-supereffective|p2a: Chandelure|1\n|-supereffective|p2b: Ceruledge|1\n|-damage|p2a: Chandelure|0 fnt\n|-damage|p2b: Ceruledge|28/100\n|faint|p2a: Chandelure\n|cant|p2b: Ceruledge|flinch\n|\n|upkeep\n|-message|Everest_Eternal forfeited.\n|\n|win|Jejunewman\n|raw|Jejunewman's rating: 1055 &rarr; <strong>1082</strong><br />(+27 for winning)\n|raw|Everest_Eternal's rating: 1005 &rarr; <strong>1000</strong><br />(-5 for losing)\n|l|\u2606Everest_Eternal\n|player|p2|\n",
  "uploadtime": 1776049628,
  "views": 10,
  "formatid": "gen9championsvgc2026regma",
  "rating": 1000,
  "private": 0,
  "password": null
}