{
  "id": "gen9championsvgc2026regma-2582415424",
  "format": "[Gen 9 Champions] VGC 2026 Reg M-A",
  "players": [
    "hejkqkwjrjfifje",
    "tukitiko"
  ],
  "log": "|j|\u2606hejkqkwjrjfifje\n|j|\u2606tukitiko\n|t:|1776090201\n|gametype|doubles\n|player|p1|hejkqkwjrjfifje|170|1040\n|player|p2|tukitiko|aquasuit|1105\n|gen|9\n|tier|[Gen 9 Champions] VGC 2026 Reg M-A\n|rated|\n|rule|Species Clause: Limit one of each Pok\u00e9mon\n|rule|Item Clause: Limit 1 of each item\n|clearpoke\n|poke|p1|Beedrill, L50, F|\n|poke|p1|Sableye, L50, M|\n|poke|p1|Maushold-Four, L50|\n|poke|p1|Polteageist, L50|\n|poke|p1|Incineroar, L50, F|\n|poke|p1|Whimsicott, L50, F|\n|poke|p2|Aromatisse, L50, F|\n|poke|p2|Snorlax, L50, M|\n|poke|p2|Sinistcha-Masterpiece, L50|\n|poke|p2|Crabominable, L50, M|\n|poke|p2|Pelipper, L50, M|\n|poke|p2|Farigiraf, L50, M|\n|teampreview|4\ntukitiko rejected open team sheets.\n|\n|t:|1776090235\n|teamsize|p1|4\n|teamsize|p2|4\n|start\n|switch|p1a: Beedrill|Beedrill, L50, F|100/100\n|switch|p1b: Maushold|Maushold-Four, L50|100/100\n|switch|p2a: C melman|Farigiraf, L50, M, shiny|100/100\n|switch|p2b: \u00d1orlix|Snorlax, L50, M|100/100\n|turn|1\n|\n|t:|1776090256\n|detailschange|p1a: Beedrill|Beedrill-Mega, L50, F\n|-mega|p1a: Beedrill|Beedrill|Beedrillite\n|move|p2a: C melman|Protect|p2a: C melman\n|-singleturn|p2a: C melman|Protect\n|move|p1b: Maushold|Follow Me|p1b: Maushold\n|-singleturn|p1b: Maushold|move: Follow Me\n|move|p1a: Beedrill|Swords Dance|p1a: Beedrill\n|-boost|p1a: Beedrill|atk|2\n|move|p2b: \u00d1orlix|Rock Slide|p1a: Beedrill|[spread] p1a,p1b\n|-supereffective|p1a: Beedrill|1\n|-crit|p1a: Beedrill\n|-damage|p1a: Beedrill|0 fnt\n|-damage|p1b: Maushold|69/100\n|faint|p1a: Beedrill\n|\n|upkeep\n|\n|t:|1776090270\n|switch|p1a: Polteageist|Polteageist, L50|100/100\n|turn|2\n|\n|t:|1776090278\n|move|p1b: Maushold|Population Bomb|p2b: \u00d1orlix\n|-damage|p2b: \u00d1orlix|93/100\n|-damage|p2b: \u00d1orlix|87/100\n|-damage|p2b: \u00d1orlix|78/100\n|-damage|p2b: \u00d1orlix|71/100\n|-damage|p2b: \u00d1orlix|64/100\n|-damage|p2b: \u00d1orlix|56/100\n|-damage|p2b: \u00d1orlix|48/100\n|-enditem|p2b: \u00d1orlix|Sitrus Berry|[eat]\n|-heal|p2b: \u00d1orlix|73/100|[from] item: Sitrus Berry\n|-damage|p2b: \u00d1orlix|65/100\n|-damage|p2b: \u00d1orlix|58/100\n|-hitcount|p2b: \u00d1orlix|9\n|move|p1a: Polteageist|Shell Smash|p1a: Polteageist\n|-unboost|p1a: Polteageist|def|1\n|-unboost|p1a: Polteageist|spd|1\n|-boost|p1a: Polteageist|atk|2\n|-boost|p1a: Polteageist|spa|2\n|-boost|p1a: Polteageist|spe|2\n|-enditem|p1a: Polteageist|White Herb\n|-clearnegativeboost|p1a: Polteageist|[silent]\n|move|p2b: \u00d1orlix|Belly Drum|p2b: \u00d1orlix\n|-damage|p2b: \u00d1orlix|8/100\n|-setboost|p2b: \u00d1orlix|atk|6|[from] move: Belly Drum\n|move|p2a: C melman|Trick Room|p2a: C melman\n|-fieldstart|move: Trick Room|[of] p2a: C melman\n|\n|upkeep\n|turn|3\n|\n|t:|1776090305\n|move|p1b: Maushold|Follow Me|p1b: Maushold\n|-singleturn|p1b: Maushold|move: Follow Me\n|move|p2b: \u00d1orlix|Rock Slide|p1a: Polteageist|[spread] p1a,p1b\n|-damage|p1a: Polteageist|2/100\n|-damage|p1b: Maushold|0 fnt\n|-start|p2b: \u00d1orlix|Disable|Rock Slide|[from] ability: Cursed Body|[of] p1a: Polteageist\n|faint|p1b: Maushold\n|move|p2a: C melman|Twin Beam|p1a: Polteageist\n|-damage|p1a: Polteageist|0 fnt\n|-start|p2a: C melman|Disable|Twin Beam|[from] ability: Cursed Body|[of] p1a: Polteageist\n|faint|p1a: Polteageist\n|-hitcount|p1: Polteageist|1\n|\n|upkeep\n|-message|hejkqkwjrjfifje forfeited.\n|\n|win|tukitiko\n|raw|hejkqkwjrjfifje's rating: 1040 &rarr; <strong>1027</strong><br />(-13 for losing)\n|raw|tukitiko's rating: 1105 &rarr; <strong>1125</strong><br />(+20 for winning)\n|l|\u2606hejkqkwjrjfifje\n|player|p1|\n|j|\u2606hejkqkwjrjfifje\n|player|p1|hejkqkwjrjfifje|170|\n",
  "uploadtime": 1776090318,
  "views": 11,
  "formatid": "gen9championsvgc2026regma",
  "rating": 1027,
  "private": 0,
  "password": null
}