{
  "id": "gen9championsvgc2026regma-2581848952",
  "format": "[Gen 9 Champions] VGC 2026 Reg M-A",
  "players": [
    "EvWX",
    "drip fisto"
  ],
  "log": "|j|\u2606EvWX\n|j|\u2606drip fisto\n|t:|1776033471\n|gametype|doubles\n|player|p1|EvWX|flannery|1084\n|player|p2|drip fisto|swimmerf|1084\n|gen|9\n|tier|[Gen 9 Champions] VGC 2026 Reg M-A\n|rated|\n|rule|Species Clause: Limit one of each Pok\u00e9mon\n|rule|Item Clause: Limit 1 of each item\n|clearpoke\n|poke|p1|Feraligatr, L50, F|\n|poke|p1|Sneasler, L50, F|\n|poke|p1|Pelipper, L50, F|\n|poke|p1|Archaludon, L50, F|\n|poke|p1|Meganium, L50, M|\n|poke|p1|Garchomp, L50, M|\n|poke|p2|Whimsicott, L50, M|\n|poke|p2|Chandelure, L50, M|\n|poke|p2|Heliolisk, L50, M|\n|poke|p2|Sneasler, L50, F|\n|poke|p2|Dragapult, L50, F|\n|poke|p2|Clefable, L50, F|\n|teampreview|4\ndrip fisto rejected open team sheets.\n|inactive|Battle timer is ON: inactive players will automatically lose when time's up. (requested by drip fisto)\n|\n|t:|1776033519\n|teamsize|p1|4\n|teamsize|p2|4\n|start\n|switch|p1a: Pelipper|Pelipper, L50, F|100/100\n|switch|p1b: lol BOOOMM|Meganium, L50, M, shiny|100/100\n|switch|p2a: Whimsicott|Whimsicott, L50, M|100/100\n|switch|p2b: Heliolisk|Heliolisk, L50, M, shiny|100/100\n|-weather|RainDance|[from] ability: Drizzle|[of] p1a: Pelipper\n|turn|1\n|\n|t:|1776033543\n|switch|p1a: Archaludon|Archaludon, L50, F, shiny|100/100\n|detailschange|p1b: lol BOOOMM|Meganium-Mega, L50, M, shiny\n|-mega|p1b: lol BOOOMM|Meganium|Meganiumite\n|move|p2a: Whimsicott|Sunny Day|p2a: Whimsicott\n|-weather|SunnyDay\n|move|p2b: Heliolisk|Weather Ball|p1b: lol BOOOMM\n|-supereffective|p1b: lol BOOOMM|1\n|-damage|p1b: lol BOOOMM|0 fnt\n|faint|p1b: lol BOOOMM\n|\n|-weather|SunnyDay|[upkeep]\n|-damage|p2b: Heliolisk|88/100|[from] ability: Solar Power|[of] p2b: Heliolisk\n|upkeep\n|-message|EvWX forfeited.\n|\n|win|drip fisto\n|raw|EvWX's rating: 1084 &rarr; <strong>1061</strong><br />(-23 for losing)\n|raw|drip fisto's rating: 1084 &rarr; <strong>1111</strong><br />(+27 for winning)\n|l|\u2606EvWX\n|player|p1|\n",
  "uploadtime": 1776033573,
  "views": 21,
  "formatid": "gen9championsvgc2026regma",
  "rating": 1061,
  "private": 0,
  "password": null
}