{
  "id": "gen9championsvgc2026regma-2586132387",
  "format": "[Gen 9 Champions] VGC 2026 Reg M-A",
  "players": [
    "Ian_gigantemax",
    "skytreewow1"
  ],
  "log": "|j|\u2606Ian_gigantemax\n|j|\u2606skytreewow1\n|t:|1776402988\n|gametype|doubles\n|player|p1|Ian_gigantemax|102|1135\n|player|p2|skytreewow1|1|1072\n|gen|9\n|tier|[Gen 9 Champions] VGC 2026 Reg M-A\n|rated|\n|rule|Species Clause: Limit one of each Pok\u00e9mon\n|rule|Item Clause: Limit 1 of each item\n|clearpoke\n|poke|p1|Meganium, L50, M|\n|poke|p1|Pelipper, L50, M|\n|poke|p1|Basculegion, L50, M|\n|poke|p1|Archaludon, L50, F|\n|poke|p1|Incineroar, L50, M|\n|poke|p1|Scizor, L50, F|\n|poke|p2|Toxicroak, L50, M|\n|poke|p2|Politoed, L50, F|\n|poke|p2|Heracross, L50, F|\n|poke|p2|Rotom-Mow, L50|\n|poke|p2|Froslass, L50, F|\n|poke|p2|Tyranitar, L50, M|\n|teampreview|4\n|\n|t:|1776403029\n|teamsize|p1|4\n|teamsize|p2|4\n|start\n|switch|p1a: Pelipper|Pelipper, L50, M|100/100\n|switch|p1b: Incineroar|Incineroar, L50, M|100/100\n|switch|p2a: Toxicroak|Toxicroak, L50, M|100/100\n|switch|p2b: Rotom|Rotom-Mow, L50|100/100\n|-weather|RainDance|[from] ability: Drizzle|[of] p1a: Pelipper\n|-ability|p1b: Incineroar|Intimidate|boost\n|-unboost|p2a: Toxicroak|atk|1\n|-unboost|p2b: Rotom|atk|1\n|turn|1\n|\n|t:|1776403066\n|switch|p1a: Archaludon|Archaludon, L50, F|100/100\n|move|p2a: Toxicroak|Upper Hand||[still]\n|-fail|p2a: Toxicroak\n|move|p2b: Rotom|Volt Switch|p1a: Archaludon\n|-resisted|p1a: Archaludon|1\n|-damage|p1a: Archaludon|85/100\n|-ability|p1a: Archaludon|Stamina|boost\n|-boost|p1a: Archaludon|def|1\n|\n|t:|1776403076\n|switch|p2b: Politoed|Politoed, L50, F|100/100|[from] Volt Switch\n|move|p1b: Incineroar|Parting Shot|p2b: Politoed\n|-unboost|p2b: Politoed|atk|1\n|-unboost|p2b: Politoed|spa|1\n|\n|t:|1776403081\n|switch|p1b: Pelipper|Pelipper, L50, M|100/100|[from] Parting Shot\n|\n|-weather|RainDance|[upkeep]\n|-heal|p1a: Archaludon|92/100|[from] item: Leftovers\n|upkeep\n|turn|2\n|\n|t:|1776403092\n|switch|p2a: Rotom|Rotom-Mow, L50|100/100\n|move|p1b: Pelipper|Hurricane|p2a: Rotom\n|-damage|p2a: Rotom|48/100\n|move|p1a: Archaludon|Electro Shot||[still]\n|-prepare|p1a: Archaludon|Electro Shot\n|-boost|p1a: Archaludon|spa|1\n|-anim|p1a: Archaludon|Electro Shot|p2b: Politoed\n|-supereffective|p2b: Politoed|1\n|-damage|p2b: Politoed|0 fnt\n|faint|p2b: Politoed\n|\n|-weather|RainDance|[upkeep]\n|-heal|p1a: Archaludon|98/100|[from] item: Leftovers\n|upkeep\n|\n|t:|1776403102\n|switch|p2b: Toxicroak|Toxicroak, L50, M|100/100\n|turn|3\n|\n|t:|1776403120\n|move|p2a: Rotom|Volt Switch|p1b: Pelipper\n|-supereffective|p1b: Pelipper|2\n|-enditem|p1b: Pelipper|Focus Sash\n|-damage|p1b: Pelipper|1/100\n|\n|t:|1776403128\n|switch|p2a: Froslass|Froslass, L50, F|100/100|[from] Volt Switch\n|move|p1b: Pelipper|Hurricane|p2b: Toxicroak\n|-supereffective|p2b: Toxicroak|1\n|-damage|p2b: Toxicroak|0 fnt\n|faint|p2b: Toxicroak\n|move|p1a: Archaludon|Draco Meteor|p2a: Froslass\n|-damage|p2a: Froslass|0 fnt\n|-unboost|p1a: Archaludon|spa|2\n|faint|p2a: Froslass\n|\n|-weather|RainDance|[upkeep]\n|-heal|p1a: Archaludon|100/100|[from] item: Leftovers\n|upkeep\n|-message|skytreewow1 forfeited.\n|\n|win|Ian_gigantemax\n|raw|Ian_gigantemax's rating: 1135 &rarr; <strong>1156</strong><br />(+21 for winning)\n|raw|skytreewow1's rating: 1072 &rarr; <strong>1055</strong><br />(-17 for losing)\n|l|\u2606skytreewow1\n|player|p2|\n",
  "uploadtime": 1776403220,
  "views": 31,
  "formatid": "gen9championsvgc2026regma",
  "rating": 1055,
  "private": 0,
  "password": null
}