{
  "id": "gen9championsvgc2026regma-2581929317",
  "format": "[Gen 9 Champions] VGC 2026 Reg M-A",
  "players": [
    "snively3",
    "chromate"
  ],
  "log": "|j|\u2606snively3\n|j|\u2606chromate\n|html|<table width=\"100%\"><tr><td align=\"left\">snively3</td><td align=\"right\">chromate</tr><tr><td align=\"left\"><i class=\"fa fa-circle\"></i> <i class=\"fa fa-circle-o\"></i> </td><td align=\"right\"><i class=\"fa fa-circle-o\"></i> <i class=\"fa fa-circle-o\"></i> </tr></table>\n|uhtml|bestof|<h2><strong>Game 2</strong> of <a href=\"/game-bestof3-gen9championsvgc2026regma-2581926698\">a best-of-3</a></h2>\n|t:|1776040650\n|gametype|doubles\n|player|p1|snively3|veteran|\n|player|p2|chromate|miku-ghost|\n|gen|9\n|tier|[Gen 9 Champions] VGC 2026 Reg M-A\n|rated|Tournament battle\n|rule|Species Clause: Limit one of each Pok\u00e9mon\n|rule|Item Clause: Limit 1 of each item\n|raw|<div class=\"infobox\"><details class=\"readmore\" open><summary><strong>2 custom rules:</strong></summary> Force Open Team Sheets, Best of = 3</details></div>\n|clearpoke\n|poke|p1|Venusaur, L50, F|\n|poke|p1|Charizard, L50, M|\n|poke|p1|Sneasler, L50, F|\n|poke|p1|Garchomp, L50, M|\n|poke|p1|Incineroar, L50, M|\n|poke|p1|Sylveon, L50, F|\n|poke|p2|Charizard, L50, F|\n|poke|p2|Whimsicott, L50, F|\n|poke|p2|Garchomp, L50, F|\n|poke|p2|Sneasler, L50, F|\n|poke|p2|Maushold, L50|\n|poke|p2|Incineroar, L50, M|\n|teampreview|4\n|showteam|p1|Venusaur||FocusSash|Chlorophyll|Protect,LeafStorm,AcidSpray,SleepPowder|||F|||50|]Charizard||CharizarditeY|Blaze|Protect,HeatWave,ScorchingSands,SolarBeam|||M|||50|]Sneasler||WhiteHerb|Unburden|Protect,DireClaw,CloseCombat,FakeOut|||F|||50|]Garchomp||ChoiceScarf|RoughSkin|Earthquake,DragonClaw,StompingTantrum,RockSlide|||M|||50|]Incineroar||SitrusBerry|Intimidate|FlareBlitz,DarkestLariat,PartingShot,FakeOut|||M|||50|]Sylveon||FairyFeather|Pixilate|Protect,HyperVoice,Yawn,HelpingHand|||F|||50|\n|showteam|p2|Charizard||CharizarditeY|Blaze|HeatWave,SolarBeam,WeatherBall,Protect|||F|||50|]Whimsicott||FocusSash|Prankster|Moonblast,Tailwind,Encore,SunnyDay|||F|||50|]Garchomp||ChoiceScarf|RoughSkin|Earthquake,DragonClaw,RockSlide,StompingTantrum|||F|||50|]Sneasler||WhiteHerb|Unburden|GunkShot,CloseCombat,RockTomb,Protect|||F|||50|]Maushold||ChopleBerry|FriendGuard|SuperFang,FollowMe,HelpingHand,Protect||||||50|]Incineroar||SitrusBerry|Intimidate|FlareBlitz,ThroatChop,FakeOut,PartingShot|||M|||50|\n|inactive|Battle timer is ON: inactive players will automatically lose when time's up. (requested by snively3)\n|j| Rainpelt103\n|inactive|chromate has 60 seconds left.\n|\n|t:|1776040683\n|teamsize|p1|4\n|teamsize|p2|4\n|start\n|switch|p1a: Venusaur|Venusaur, L50, F|100/100\n|switch|p1b: Garchomp|Garchomp, L50, M|100/100\n|switch|p2a: Garchomp|Garchomp, L50, F|100/100\n|switch|p2b: Whimsicott|Whimsicott, L50, F|100/100\n|turn|1\n|j| aurora ltd\n|inactive|snively3 has 30 seconds left.\n|l| aurora ltd\n|inactive|snively3 has 20 seconds left.\n|\n|t:|1776040719\n|switch|p1a: Charizard|Charizard, L50, M, shiny|100/100\n|move|p2b: Whimsicott|Tailwind|p2b: Whimsicott\n|-sidestart|p2: chromate|move: Tailwind\n|move|p2a: Garchomp|Dragon Claw|p1b: Garchomp\n|-supereffective|p1b: Garchomp|1\n|-damage|p1b: Garchomp|16/100\n|-damage|p2a: Garchomp|88/100|[from] ability: Rough Skin|[of] p1b: Garchomp\n|move|p1b: Garchomp|Earthquake|p2a: Garchomp|[spread] p2a,p2b\n|-immune|p1a: Charizard\n|-resisted|p2b: Whimsicott|1\n|-damage|p2a: Garchomp|49/100\n|-damage|p2b: Whimsicott|74/100\n|\n|upkeep\n|turn|2\n|\n|t:|1776040740\n|detailschange|p1a: Charizard|Charizard-Mega-Y, L50, M, shiny\n|-mega|p1a: Charizard|Charizard|Charizardite Y\n|-weather|SunnyDay|[from] ability: Drought|[of] p1a: Charizard\n|move|p2a: Garchomp|Dragon Claw|p1a: Charizard\n|-damage|p1a: Charizard|40/100\n|move|p2b: Whimsicott|Moonblast|p1b: Garchomp\n|-supereffective|p1b: Garchomp|1\n|-damage|p1b: Garchomp|0 fnt\n|faint|p1b: Garchomp\n|move|p1a: Charizard|Heat Wave|p2a: Garchomp|[spread] p2a,p2b\n|-resisted|p2a: Garchomp|1\n|-supereffective|p2b: Whimsicott|1\n|-damage|p2a: Garchomp|19/100\n|-damage|p2b: Whimsicott|0 fnt\n|faint|p2b: Whimsicott\n|\n|-weather|SunnyDay|[upkeep]\n|upkeep\n|\n|t:|1776040750\n|switch|p2b: Sneasler|Sneasler, L50, F|100/100\n|switch|p1b: Sneasler|Sneasler, L50, F|100/100\n|turn|3\n|j| Thogi_\n|j| MaybeIllusion\n|\n|t:|1776040766\n|move|p1a: Charizard|Protect|p1a: Charizard\n|-singleturn|p1a: Charizard|Protect\n|move|p2a: Garchomp|Dragon Claw|p1a: Charizard\n|-activate|p1a: Charizard|move: Protect\n|move|p2b: Sneasler|Close Combat|p1a: Charizard\n|-activate|p1a: Charizard|move: Protect\n|move|p1b: Sneasler|Close Combat|p2a: Garchomp\n|-damage|p2a: Garchomp|0 fnt\n|-unboost|p1b: Sneasler|def|1\n|-unboost|p1b: Sneasler|spd|1\n|-damage|p1b: Sneasler|88/100|[from] ability: Rough Skin|[of] p2a: Garchomp\n|faint|p2a: Garchomp\n|-enditem|p1b: Sneasler|White Herb\n|-clearnegativeboost|p1b: Sneasler|[silent]\n|\n|-weather|SunnyDay|[upkeep]\n|upkeep\n|\n|t:|1776040768\n|switch|p2a: Charizard|Charizard, L50, F|100/100\n|turn|4\n|inactive|snively3 has 30 seconds left.\n|\n|t:|1776040793\n|detailschange|p2a: Charizard|Charizard-Mega-Y, L50, F\n|-mega|p2a: Charizard|Charizard|Charizardite Y\n|move|p1b: Sneasler|Dire Claw|p2a: Charizard\n|-damage|p2a: Charizard|51/100\n|move|p2b: Sneasler|Close Combat|p1a: Charizard\n|-resisted|p1a: Charizard|1\n|-damage|p1a: Charizard|0 fnt\n|-unboost|p2b: Sneasler|def|1\n|-unboost|p2b: Sneasler|spd|1\n|faint|p1a: Charizard\n|-enditem|p2b: Sneasler|White Herb\n|-clearnegativeboost|p2b: Sneasler|[silent]\n|move|p2a: Charizard|Heat Wave|p1b: Sneasler\n|-damage|p1b: Sneasler|0 fnt\n|faint|p1b: Sneasler\n|\n|-weather|SunnyDay|[upkeep]\n|-sideend|p2: chromate|move: Tailwind\n|upkeep\n|\n|t:|1776040800\n|switch|p1b: Venusaur|Venusaur, L50, F|100/100\n|turn|5\n|\n|t:|1776040812\n|move|p2b: Sneasler|Rock Tomb|p1b: Venusaur\n|-damage|p1b: Venusaur|68/100\n|-unboost|p1b: Venusaur|spe|1\n|move|p1b: Venusaur|Acid Spray|p2a: Charizard\n|-damage|p2a: Charizard|32/100\n|-unboost|p2a: Charizard|spd|2\n|move|p2a: Charizard|Weather Ball|p1b: Venusaur\n|-supereffective|p1b: Venusaur|1\n|-damage|p1b: Venusaur|0 fnt\n|faint|p1b: Venusaur\n|\n|win|chromate\n|l|\u2606snively3\n|player|p1|\n||snively3 is ready for game 3.\n||chromate is ready for game 3.\n|uhtml|next|Next: <a href=\"/battle-gen9championsvgc2026regma-2581931182\"><strong>Game 3 of 3</strong></a>\n|l| Rainpelt103\n|l| Thogi_\n|l| MaybeIllusion\n|l|\u2606chromate\n|player|p2|\n|j| aurora ltd\n",
  "uploadtime": 1776041189,
  "views": 12,
  "formatid": "gen9championsvgc2026regma",
  "rating": null,
  "private": 0,
  "password": null
}