{
  "id": "gen9championsvgc2026regma-2583810828",
  "format": "[Gen 9 Champions] VGC 2026 Reg M-A",
  "players": [
    "Marizo",
    "HumDinger"
  ],
  "log": "|j|\u2606Marizo\n|j|\u2606HumDinger\n|t:|1776199463\n|gametype|doubles\n|player|p1|Marizo|n|1048\n|player|p2|HumDinger|2|1000\n|gen|9\n|tier|[Gen 9 Champions] VGC 2026 Reg M-A\n|rated|\n|rule|Species Clause: Limit one of each Pok\u00e9mon\n|rule|Item Clause: Limit 1 of each item\n|clearpoke\n|poke|p1|Aegislash, L50, F|\n|poke|p1|Garchomp, L50, M|\n|poke|p1|Tyranitar, L50, F|\n|poke|p1|Greninja-*, L50, M|\n|poke|p1|Sinistcha, L50|\n|poke|p1|Whimsicott, L50, F|\n|poke|p2|Charizard, L50, M|\n|poke|p2|Venusaur, L50, F|\n|poke|p2|Garchomp, L50, M|\n|poke|p2|Rotom-Wash, L50|\n|poke|p2|Sneasler, L50, M|\n|poke|p2|Incineroar, L50, F|\n|teampreview|4\n|\n|t:|1776199487\n|teamsize|p1|4\n|teamsize|p2|4\n|start\n|switch|p1a: Garchomp|Garchomp, L50, M|100/100\n|switch|p1b: Greninja|Greninja, L50, M|100/100\n|switch|p2a: Charizard|Charizard, L50, M|100/100\n|switch|p2b: Venusaur|Venusaur, L50, F|100/100\n|turn|1\n|\n|t:|1776199509\n|detailschange|p2a: Charizard|Charizard-Mega-Y, L50, M\n|-mega|p2a: Charizard|Charizard|Charizardite Y\n|-weather|SunnyDay|[from] ability: Drought|[of] p2a: Charizard\n|move|p2a: Charizard|Protect|p2a: Charizard\n|-singleturn|p2a: Charizard|Protect\n|move|p2b: Venusaur|Sleep Powder|p1a: Garchomp|[miss]\n|-miss|p2b: Venusaur|p1a: Garchomp\n|move|p1b: Greninja|Icy Wind|p2a: Charizard|[spread] p2b\n|-start|p1b: Greninja|typechange|Ice|[from] ability: Protean\n|-activate|p2a: Charizard|move: Protect\n|-supereffective|p2b: Venusaur|1\n|-damage|p2b: Venusaur|49/100\n|-unboost|p2b: Venusaur|spe|1\n|move|p1a: Garchomp|Rock Slide|p2a: Charizard|[spread] p2b\n|-activate|p2a: Charizard|move: Protect\n|-damage|p2b: Venusaur|28/100\n|\n|-weather|SunnyDay|[upkeep]\n|upkeep\n|turn|2\n|\n|t:|1776199550\n|move|p1b: Greninja|U-turn|p2a: Charizard\n|-resisted|p2a: Charizard|2\n|-damage|p2a: Charizard|96/100\n|\n|t:|1776199553\n|switch|p1b: Tyranitar|Tyranitar, L50, F|100/100|[from] U-turn\n|-weather|Sandstorm|[from] ability: Sand Stream|[of] p1b: Tyranitar\n|move|p2a: Charizard|Heat Wave|p1a: Garchomp|[spread] p1a,p1b\n|-resisted|p1a: Garchomp|1\n|-resisted|p1b: Tyranitar|1\n|-crit|p1b: Tyranitar\n|-damage|p1a: Garchomp|80/100\n|-damage|p1b: Tyranitar|80/100\n|move|p1a: Garchomp|Rock Slide|p2b: Venusaur|[spread] p2a,p2b\n|-supereffective|p2a: Charizard|2\n|-damage|p2a: Charizard|0 fnt\n|-damage|p2b: Venusaur|6/100\n|faint|p2a: Charizard\n|move|p2b: Venusaur|Sleep Powder|p1a: Garchomp\n|-status|p1a: Garchomp|slp|[from] move: Sleep Powder\n|\n|-weather|Sandstorm|[upkeep]\n|-damage|p2b: Venusaur|0 fnt|[from] Sandstorm\n|faint|p2b: Venusaur\n|upkeep\n|-message|HumDinger forfeited.\n|\n|win|Marizo\n|raw|Marizo's rating: 1048 &rarr; <strong>1076</strong><br />(+28 for winning)\n|raw|HumDinger's rating: 1000 &rarr; <strong>1000</strong><br />(+0 for losing)\n|l|\u2606HumDinger\n|player|p2|\n",
  "uploadtime": 1776199571,
  "views": 15,
  "formatid": "gen9championsvgc2026regma",
  "rating": 1000,
  "private": 0,
  "password": null
}