{
  "id": "gen9championsvgc2026regma-2585633065",
  "format": "[Gen 9 Champions] VGC 2026 Reg M-A",
  "players": [
    "Showdown's Lab",
    "jacrepid"
  ],
  "log": "|j|\u2606Showdown's Lab\n|j|\u2606jacrepid\n|t:|1776360176\n|gametype|doubles\n|player|p1|Showdown's Lab|colress|1109\n|player|p2|jacrepid|acetrainer-gen4dp|1083\n|gen|9\n|tier|[Gen 9 Champions] VGC 2026 Reg M-A\n|rated|\n|rule|Species Clause: Limit one of each Pok\u00e9mon\n|rule|Item Clause: Limit 1 of each item\n|clearpoke\n|poke|p1|Meganium, L50, F|\n|poke|p1|Pelipper, L50, F|\n|poke|p1|Archaludon, L50, F|\n|poke|p1|Incineroar, L50, F|\n|poke|p1|Zoroark-Hisui, L50, F|\n|poke|p1|Basculegion, L50, M|\n|poke|p2|Glimmora, L50, M|\n|poke|p2|Charizard, L50, M|\n|poke|p2|Venusaur, L50, M|\n|poke|p2|Incineroar, L50, F|\n|poke|p2|Dragapult, L50, M|\n|poke|p2|Kingambit, L50, F|\n|teampreview|4\n|inactive|Battle timer is ON: inactive players will automatically lose when time's up. (requested by Showdown's Lab)\n|inactive|Showdown's Lab has 60 seconds left.\n|\n|t:|1776360218\n|teamsize|p1|4\n|teamsize|p2|4\n|start\n|switch|p1a: rain|Pelipper, L50, F|100/100\n|switch|p1b: Plant|Meganium, L50, F|100/100\n|switch|p2a: Kingambit|Kingambit, L50, F|100/100\n|switch|p2b: Dragapult|Dragapult, L50, M|100/100\n|turn|1\n|\n|t:|1776360238\n|detailschange|p1b: Plant|Meganium-Mega, L50, F\n|-mega|p1b: Plant|Meganium|Meganiumite\n|move|p2b: Dragapult|Thunderbolt|p1a: rain\n|-damage|p1a: rain|48/100\n|replace|p1a: Spy|Zoroark-Hisui, L50, F\n|-end|p1a: Spy|Illusion\n|move|p1a: Spy|Nasty Plot|p1a: Spy\n|-boost|p1a: Spy|spa|2\n|move|p1b: Plant|Weather Ball|p2a: Kingambit\n|-supereffective|p2a: Kingambit|1\n|-damage|p2a: Kingambit|0 fnt\n|faint|p2a: Kingambit\n|\n|upkeep\n|\n|t:|1776360254\n|switch|p2a: Charizard|Charizard, L50, M|100/100\n|turn|2\n|\n|t:|1776360264\n|detailschange|p2a: Charizard|Charizard-Mega-Y, L50, M\n|-mega|p2a: Charizard|Charizard|Charizardite Y\n|-weather|SunnyDay|[from] ability: Drought|[of] p2a: Charizard\n|move|p2b: Dragapult|Thunderbolt|p1b: Plant\n|-resisted|p1b: Plant|1\n|-damage|p1b: Plant|89/100\n|move|p1a: Spy|Bitter Malice|p2b: Dragapult\n|-supereffective|p2b: Dragapult|1\n|-crit|p2b: Dragapult\n|-damage|p2b: Dragapult|0 fnt\n|faint|p2b: Dragapult\n|-heal|p1a: Spy|63/100|[from] item: Shell Bell|[of] p2: Dragapult\n|move|p2a: Charizard|Heat Wave|p1a: Spy|[spread] p1a,p1b\n|-supereffective|p1b: Plant|1\n|-damage|p1a: Spy|0 fnt\n|-damage|p1b: Plant|0 fnt\n|faint|p1a: Spy\n|faint|p1b: Plant\n|\n|-weather|SunnyDay|[upkeep]\n|upkeep\n|\n|t:|1776360281\n|switch|p2b: Venusaur|Venusaur, L50, M|100/100\n|switch|p1a: rain|Pelipper, L50, F|100/100\n|switch|p1b: MrFish|Basculegion, L50, M|100/100\n|-weather|RainDance|[from] ability: Drizzle|[of] p1a: rain\n|turn|3\n|\n|t:|1776360290\n|move|p1b: MrFish|Liquidation|p2a: Charizard\n|-supereffective|p2a: Charizard|1\n|-damage|p2a: Charizard|0 fnt\n|faint|p2a: Charizard\n|move|p2b: Venusaur|Energy Ball|p1b: MrFish\n|-supereffective|p1b: MrFish|1\n|-enditem|p1b: MrFish|Rindo Berry|[eat]\n|-enditem|p1b: MrFish|Rindo Berry|[weaken]\n|-damage|p1b: MrFish|60/100\n|move|p1a: rain|Hurricane|p2b: Venusaur\n|-supereffective|p2b: Venusaur|1\n|-damage|p2b: Venusaur|18/100\n|\n|-weather|RainDance|[upkeep]\n|upkeep\n|turn|4\n|\n|t:|1776360301\n|move|p1b: MrFish|Last Respects|p2b: Venusaur\n|-damage|p2b: Venusaur|0 fnt\n|faint|p2b: Venusaur\n|\n|win|Showdown's Lab\n|raw|Showdown&apos;s Lab's rating: 1109 &rarr; <strong>1132</strong><br />(+23 for winning)\n|raw|jacrepid's rating: 1083 &rarr; <strong>1062</strong><br />(-21 for losing)\n",
  "uploadtime": 1776360301,
  "views": 23,
  "formatid": "gen9championsvgc2026regma",
  "rating": 1062,
  "private": 0,
  "password": null
}