{
  "id": "gen9championsvgc2026regma-2584821943",
  "format": "[Gen 9 Champions] VGC 2026 Reg M-A",
  "players": [
    "BattleFactoryRent",
    "alvarriderr"
  ],
  "log": "|j|\u2606BattleFactoryRent\n|j|\u2606alvarriderr\n|t:|1776286256\n|gametype|doubles\n|player|p1|BattleFactoryRent|thorton|1030\n|player|p2|alvarriderr|hilbert-wonderlauncher|1121\n|gen|9\n|tier|[Gen 9 Champions] VGC 2026 Reg M-A\n|rated|\n|rule|Species Clause: Limit one of each Pok\u00e9mon\n|rule|Item Clause: Limit 1 of each item\n|clearpoke\n|poke|p1|Slowking, L50, M|\n|poke|p1|Starmie, L50|\n|poke|p1|Audino, L50, F|\n|poke|p1|Snorlax, L50, M|\n|poke|p1|Meganium, L50, M|\n|poke|p1|Araquanid, L50, M|\n|poke|p2|Hawlucha, L50, M|\n|poke|p2|Excadrill, L50, F|\n|poke|p2|Tyranitar, L50, M|\n|poke|p2|Sinistcha, L50|\n|poke|p2|Rotom-Wash, L50|\n|poke|p2|Volcarona, L50, F|\n|teampreview|4\n|\n|t:|1776286311\n|teamsize|p1|4\n|teamsize|p2|4\n|start\n|switch|p1a: Slowking|Slowking, L50, M|100/100\n|switch|p1b: Starmie|Starmie, L50|100/100\n|switch|p2a: Hawlucha|Hawlucha, L50, M|100/100\n|switch|p2b: Excadrill|Excadrill, L50, F|100/100\n|turn|1\n|\n|t:|1776286354\n|detailschange|p2a: Hawlucha|Hawlucha-Mega, L50, M\n|-mega|p2a: Hawlucha|Hawlucha|Hawluchanite\n|detailschange|p1b: Starmie|Starmie-Mega, L50\n|-mega|p1b: Starmie|Starmie|Starminite\n|move|p1b: Starmie|Self-Destruct|p2b: Excadrill|[spread] p1a,p2a,p2b\n|-resisted|p2b: Excadrill|1\n|-damage|p1a: Slowking|31/100\n|-damage|p2a: Hawlucha|13/100\n|-damage|p2b: Excadrill|37/100\n|faint|p1b: Starmie\n|move|p2a: Hawlucha|Rock Tomb|p1a: Slowking\n|-damage|p1a: Slowking|17/100\n|-unboost|p1a: Slowking|spe|1\n|move|p2b: Excadrill|Earthquake|p1a: Slowking|[spread] p1a\n|-immune|p2a: Hawlucha\n|-damage|p1a: Slowking|0 fnt\n|faint|p1a: Slowking\n|\n|upkeep\n|inactive|Battle timer is ON: inactive players will automatically lose when time's up. (requested by alvarriderr)\n|inactive|BattleFactoryRent has 60 seconds left.\n|\n|t:|1776286408\n|switch|p1b: Snorlax|Snorlax, L50, M|100/100\n|switch|p1a: Audino|Audino, L50, F|100/100\n|turn|2\n|-message|BattleFactoryRent forfeited.\n|\n|win|alvarriderr\n|raw|BattleFactoryRent's rating: 1030 &rarr; <strong>1019</strong><br />(-11 for losing)\n|raw|alvarriderr's rating: 1121 &rarr; <strong>1140</strong><br />(+19 for winning)\n|l|\u2606BattleFactoryRent\n|player|p1|\n|c|\u2606alvarriderr|gg\n",
  "uploadtime": 1776286420,
  "views": 36,
  "formatid": "gen9championsvgc2026regma",
  "rating": 1019,
  "private": 0,
  "password": null
}