{
  "id": "gen9championsvgc2026regma-2588874771",
  "format": "[Gen 9 Champions] VGC 2026 Reg M-A",
  "players": [
    "Ziik",
    "masque_girl"
  ],
  "log": "|j|\u2606Ziik\n|j|\u203dmasque_girl\n|t:|1776681208\n|gametype|doubles\n|player|p1|Ziik|266|1120\n|player|p2|masque_girl|bellelba|1045\n|gen|9\n|tier|[Gen 9 Champions] VGC 2026 Reg M-A\n|rated|\n|rule|Species Clause: Limit one of each Pok\u00e9mon\n|rule|Item Clause: Limit 1 of each item\n|clearpoke\n|poke|p1|Sinistcha, L50|\n|poke|p1|Rotom-Wash, L50|\n|poke|p1|Zoroark-Hisui, L50, M|\n|poke|p1|Incineroar, L50, M|\n|poke|p1|Farigiraf, L50, M|\n|poke|p1|Froslass, L50, F|\n|poke|p2|Meganium, L50, M|\n|poke|p2|Garchomp, L50, M|\n|poke|p2|Pelipper, L50, M|\n|poke|p2|Dragonite, L50, M|\n|poke|p2|Basculegion, L50, M|\n|poke|p2|Archaludon, L50, F|\n|teampreview|4\n|inactive|Battle timer is ON: inactive players will automatically lose when time's up. (requested by masque_girl)\n|inactive|Ziik has 60 seconds left.\n|inactive|masque_girl has 60 seconds left.\n|\n|t:|1776681249\n|teamsize|p1|4\n|teamsize|p2|4\n|start\n|switch|p1a: Sinistcha|Sinistcha, L50|100/100\n|switch|p1b: Froslass|Froslass, L50, F|100/100\n|switch|p2a: Basculegion|Basculegion, L50, M|100/100\n|switch|p2b: Garchomp|Garchomp, L50, M|100/100\n|turn|1\n|\n|t:|1776681267\n|detailschange|p1b: Froslass|Froslass-Mega, L50, F\n|-mega|p1b: Froslass|Froslass|Froslassite\n|-weather|Snowscape|[from] ability: Snow Warning|[of] p1b: Froslass\n|move|p2a: Basculegion|Flip Turn|p1b: Froslass\n|-damage|p1b: Froslass|70/100\n|\n|t:|1776681273\n|switch|p2a: Pelipper|Pelipper, L50, M|100/100|[from] Flip Turn\n|-weather|RainDance|[from] ability: Drizzle|[of] p2a: Pelipper\n|move|p1a: Sinistcha|Snowscape|p1a: Sinistcha\n|-weather|Snowscape\n|move|p2b: Garchomp|Rock Slide|p1b: Froslass|[spread] p1b\n|-miss|p2b: Garchomp|p1a: Sinistcha\n|-supereffective|p1b: Froslass|1\n|-damage|p1b: Froslass|31/100\n|move|p1b: Froslass|Aurora Veil|p1b: Froslass\n|-sidestart|p1: Ziik|move: Aurora Veil\n|\n|-weather|Snowscape|[upkeep]\n|upkeep\n|turn|2\n|\n|t:|1776681291\n|switch|p2b: Basculegion|Basculegion, L50, M|100/100\n|move|p1b: Froslass|Protect|p1b: Froslass\n|-singleturn|p1b: Froslass|Protect\n|move|p2a: Pelipper|Wide Guard|p2a: Pelipper\n|-singleturn|p2a: Pelipper|Wide Guard\n|move|p1a: Sinistcha|Will-O-Wisp|p2b: Basculegion\n|-status|p2b: Basculegion|brn\n|\n|-weather|Snowscape|[upkeep]\n|-damage|p2b: Basculegion|94/100 brn|[from] brn\n|upkeep\n|turn|3\n|-message|masque_girl forfeited.\n|\n|win|Ziik\n|raw|Ziik's rating: 1120 &rarr; <strong>1140</strong><br />(+20 for winning)\n|raw|masque_girl's rating: 1045 &rarr; <strong>1032</strong><br />(-13 for losing)\n|l|\u203dmasque_girl\n|player|p2|\n",
  "uploadtime": 1776681305,
  "views": 16,
  "formatid": "gen9championsvgc2026regma",
  "rating": 1032,
  "private": 0,
  "password": null
}