{
  "id": "gen9championsvgc2026regma-2582706790",
  "format": "[Gen 9 Champions] VGC 2026 Reg M-A",
  "players": [
    "PitolonDeFerro",
    "MilkTeaWayGalaxy"
  ],
  "log": "|j|\u2606PitolonDeFerro\n|j|\u2606MilkTeaWayGalaxy\n|html|<table width=\"100%\"><tr><td align=\"left\">PitolonDeFerro</td><td align=\"right\">MilkTeaWayGalaxy</tr><tr><td align=\"left\"><i class=\"fa fa-circle-o\"></i> <i class=\"fa fa-circle-o\"></i> </td><td align=\"right\"><i class=\"fa fa-circle-o\"></i> <i class=\"fa fa-circle-o\"></i> </tr></table>\n|uhtml|bestof|<h2><strong>Game 1</strong> of <a href=\"/game-bestof3-gen9championsvgc2026regma-2582706789\">a best-of-3</a></h2>\n|t:|1776108598\n|gametype|doubles\n|player|p1|PitolonDeFerro|swimmer-gen4dp|\n|player|p2|MilkTeaWayGalaxy|rosa-pokestar3|\n|gen|9\n|tier|[Gen 9 Champions] VGC 2026 Reg M-A\n|rated|Tournament battle\n|rule|Species Clause: Limit one of each Pok\u00e9mon\n|rule|Item Clause: Limit 1 of each item\n|raw|<div class=\"infobox\"><details class=\"readmore\" open><summary><strong>2 custom rules:</strong></summary> Force Open Team Sheets, Best of = 3</details></div>\n|clearpoke\n|poke|p1|Politoed, L50, M|\n|poke|p1|Dragonite, L50, M|\n|poke|p1|Basculegion, L50, M|\n|poke|p1|Archaludon, L50, M|\n|poke|p1|Whimsicott, L50, M|\n|poke|p1|Sneasler, L50, F|\n|poke|p2|Froslass, L50, F|\n|poke|p2|Sinistcha, L50|\n|poke|p2|Kingambit, L50, M|\n|poke|p2|Sneasler, L50, F|\n|poke|p2|Incineroar, L50, M|\n|poke|p2|Basculegion, L50, M|\n|teampreview|4\n|showteam|p1|Politoed||SitrusBerry|Drizzle|Protect,WeatherBall,IcyWind,Encore|||M|||50|]Dragonite||Dragoninite|InnerFocus|Protect,DracoMeteor,Hurricane,Thunder|||M|||50|]Basculegion||MysticWater|SwiftSwim|Protect,AquaJet,WaveCrash,LastRespects|||M|||50|]Archaludon||ShucaBerry|Stamina|Protect,FlashCannon,DracoMeteor,ElectroShot|||M|||50|]Whimsicott||FocusSash|Prankster|Moonblast,Tailwind,Encore,HelpingHand|||M|||50|]Sneasler||WhiteHerb|Unburden|DireClaw,CloseCombat,FakeOut,RockSlide|||F|||50|\n|showteam|p2|Froslass||Froslassite|CursedBody|Protect,Blizzard,AuroraVeil,ShadowBall|||F|||50|]Sinistcha||SitrusBerry|Hospitality|MatchaGotcha,RagePowder,LifeDew,Protect||||||50|]Kingambit||BlackGlasses|Defiant|SuckerPunch,KowtowCleave,IronHead,Protect|||M|||50|]Sneasler||WhiteHerb|Unburden|Coaching,Protect,DireClaw,CloseCombat|||F|||50|]Incineroar||Leftovers|Intimidate|DarkestLariat,FlareBlitz,FakeOut,PartingShot|||M|||50|]Basculegion||MysticWater|Adaptability|WaveCrash,Protect,AquaJet,LastRespects|||M|||50|\n|c|\u2606MilkTeaWayGalaxy|glhf\n|c|\u2606PitolonDeFerro|glhf\n|\n|t:|1776108679\n|teamsize|p1|4\n|teamsize|p2|4\n|start\n|switch|p1a: Whimsicott|Whimsicott, L50, M|100/100\n|switch|p1b: Archaludon|Archaludon, L50, M|100/100\n|switch|p2a: Froslass|Froslass, L50, F|100/100\n|switch|p2b: Sinistcha|Sinistcha, L50|100/100\n|turn|1\n|\n|t:|1776108753\n|detailschange|p2a: Froslass|Froslass-Mega, L50, F\n|-mega|p2a: Froslass|Froslass|Froslassite\n|-weather|Snowscape|[from] ability: Snow Warning|[of] p2a: Froslass\n|move|p2b: Sinistcha|Rage Powder|p2b: Sinistcha\n|-singleturn|p2b: Sinistcha|move: Rage Powder\n|move|p1a: Whimsicott|Tailwind|p1a: Whimsicott\n|-sidestart|p1: PitolonDeFerro|move: Tailwind\n|move|p1b: Archaludon|Draco Meteor|p2b: Sinistcha\n|-damage|p2b: Sinistcha|38/100\n|-unboost|p1b: Archaludon|spa|2\n|-enditem|p2b: Sinistcha|Sitrus Berry|[eat]\n|-heal|p2b: Sinistcha|63/100|[from] item: Sitrus Berry\n|move|p2a: Froslass|Blizzard|p1a: Whimsicott|[spread] p1a,p1b\n|-supereffective|p1a: Whimsicott|1\n|-enditem|p1a: Whimsicott|Focus Sash\n|-damage|p1a: Whimsicott|1/100\n|-damage|p1b: Archaludon|39/100\n|-ability|p1b: Archaludon|Stamina|boost\n|-boost|p1b: Archaludon|def|1\n|\n|-weather|Snowscape|[upkeep]\n|upkeep\n|turn|2\n|\n|t:|1776108808\n|switch|p1a: Politoed|Politoed, L50, M|100/100\n|-weather|RainDance|[from] ability: Drizzle|[of] p1a: Politoed\n|switch|p2b: Basculegion|Basculegion, L50, M|100/100\n|move|p1b: Archaludon|Electro Shot||[still]\n|-prepare|p1b: Archaludon|Electro Shot\n|-boost|p1b: Archaludon|spa|1\n|-anim|p1b: Archaludon|Electro Shot|p2b: Basculegion\n|-supereffective|p2b: Basculegion|1\n|-damage|p2b: Basculegion|43/100\n|move|p2a: Froslass|Blizzard|p1b: Archaludon|[spread] p1b\n|-miss|p2a: Froslass|p1a: Politoed\n|-damage|p1b: Archaludon|0 fnt\n|faint|p1b: Archaludon\n|\n|-weather|RainDance|[upkeep]\n|upkeep\n|\n|t:|1776108828\n|switch|p1b: Basculegion|Basculegion, L50, M|100/100\n|turn|3\n|\n|t:|1776108861\n|switch|p2a: Sinistcha|Sinistcha, L50|63/100\n|-heal|p2b: Basculegion|67/100|[from] ability: Hospitality|[of] p2a: Sinistcha\n|move|p1b: Basculegion|Last Respects|p2a: Sinistcha\n|-supereffective|p2a: Sinistcha|1\n|-damage|p2a: Sinistcha|0 fnt\n|faint|p2a: Sinistcha\n|move|p1a: Politoed|Weather Ball|p2b: Basculegion\n|-resisted|p2b: Basculegion|1\n|-damage|p2b: Basculegion|47/100\n|move|p2b: Basculegion|Last Respects|p1b: Basculegion\n|-supereffective|p1b: Basculegion|1\n|-damage|p1b: Basculegion|0 fnt\n|faint|p1b: Basculegion\n|\n|-weather|RainDance|[upkeep]\n|upkeep\n|\n|t:|1776108877\n|switch|p1b: Whimsicott|Whimsicott, L50, M|1/100\n|switch|p2a: Froslass|Froslass-Mega, L50, F|100/100\n|-weather|Snowscape|[from] ability: Snow Warning|[of] p2a: Froslass\n|turn|4\n|\n|t:|1776108888\n|move|p2b: Basculegion|Aqua Jet|p1b: Whimsicott\n|-resisted|p1b: Whimsicott|1\n|-damage|p1b: Whimsicott|0 fnt\n|faint|p1b: Whimsicott\n|move|p2a: Froslass|Shadow Ball|p1a: Politoed\n|-damage|p1a: Politoed|70/100\n|move|p1a: Politoed|Icy Wind|p2a: Froslass|[spread] p2a,p2b\n|-resisted|p2a: Froslass|1\n|-resisted|p2b: Basculegion|1\n|-damage|p2a: Froslass|96/100\n|-damage|p2b: Basculegion|43/100\n|-unboost|p2a: Froslass|spe|1\n|-unboost|p2b: Basculegion|spe|1\n|\n|-weather|Snowscape|[upkeep]\n|-sideend|p1: PitolonDeFerro|move: Tailwind\n|upkeep\n|turn|5\n|c|\u2606PitolonDeFerro|gg\n|-message|PitolonDeFerro forfeited.\n|\n|win|MilkTeaWayGalaxy\n|l|\u2606PitolonDeFerro\n|player|p1|\n||PitolonDeFerro is ready for game 2.\n||MilkTeaWayGalaxy is ready for game 2.\n|uhtml|next|Next: <a href=\"/battle-gen9championsvgc2026regma-2582711389\"><strong>Game 2 of 3</strong></a>\n",
  "uploadtime": 1776109310,
  "views": 10,
  "formatid": "gen9championsvgc2026regma",
  "rating": null,
  "private": 0,
  "password": null
}