{
  "id": "gen9championsvgc2026regma-2583844751",
  "format": "[Gen 9 Champions] VGC 2026 Reg M-A",
  "players": [
    "lato_18",
    "NiceChyip"
  ],
  "log": "|j|\u2606lato_18\n|j|\u2606NiceChyip\n|t:|1776202159\n|gametype|doubles\n|player|p1|lato_18|265|1318\n|player|p2|NiceChyip|lucas|1352\n|gen|9\n|tier|[Gen 9 Champions] VGC 2026 Reg M-A\n|rated|\n|rule|Species Clause: Limit one of each Pok\u00e9mon\n|rule|Item Clause: Limit 1 of each item\n|clearpoke\n|poke|p1|Froslass, L50, F|\n|poke|p1|Sneasler, L50, M|\n|poke|p1|Kleavor, L50, F|\n|poke|p1|Kingambit, L50, F|\n|poke|p1|Volcarona, L50, F|\n|poke|p1|Goodra-Hisui, L50, F|\n|poke|p2|Goodra-Hisui, L50, M|\n|poke|p2|Manectric, L50, M|\n|poke|p2|Aerodactyl, L50, M|\n|poke|p2|Aromatisse, L50, M|\n|poke|p2|Sinistcha, L50|\n|poke|p2|Incineroar, L50, M|\n|teampreview|4\n|inactive|Battle timer is ON: inactive players will automatically lose when time's up. (requested by NiceChyip)\n|\n|t:|1776202196\n|teamsize|p1|4\n|teamsize|p2|4\n|start\n|switch|p1a: Kingambit|Kingambit, L50, F|100/100\n|switch|p1b: Sneasler|Sneasler, L50, M|100/100\n|switch|p2a: Aerodactyl|Aerodactyl, L50, M|100/100\n|switch|p2b: Incineroar|Incineroar, L50, M|100/100\n|-ability|p2b: Incineroar|Intimidate|boost\n|-unboost|p1a: Kingambit|atk|1\n|-ability|p1a: Kingambit|Defiant|boost\n|-boost|p1a: Kingambit|atk|2\n|-unboost|p1b: Sneasler|atk|1\n|-enditem|p1b: Sneasler|White Herb\n|-clearnegativeboost|p1b: Sneasler|[silent]\n|turn|1\n|\n|t:|1776202208\n|move|p1b: Sneasler|Fake Out|p2b: Incineroar\n|-damage|p2b: Incineroar|88/100\n|cant|p2b: Incineroar|flinch\n|move|p2a: Aerodactyl|Dual Wingbeat|p1b: Sneasler\n|-supereffective|p1b: Sneasler|1\n|-damage|p1b: Sneasler|33/100\n|-supereffective|p1b: Sneasler|1\n|-damage|p1b: Sneasler|0 fnt\n|faint|p1b: Sneasler\n|-hitcount|p1: Sneasler|2\n|move|p1a: Kingambit|Kowtow Cleave|p2a: Aerodactyl\n|-enditem|p2a: Aerodactyl|Focus Sash\n|-damage|p2a: Aerodactyl|1/100\n|\n|upkeep\n|\n|t:|1776202219\n|switch|p1b: Froslass|Froslass, L50, F|100/100\n|turn|2\n|\n|t:|1776202232\n|detailschange|p1b: Froslass|Froslass-Mega, L50, F\n|-mega|p1b: Froslass|Froslass|Froslassite\n|-weather|Snowscape|[from] ability: Snow Warning|[of] p1b: Froslass\n|move|p2a: Aerodactyl|Protect|p2a: Aerodactyl\n|-singleturn|p2a: Aerodactyl|Protect\n|move|p1a: Kingambit|Sucker Punch||[still]\n|-fail|p1a: Kingambit\n|move|p1b: Froslass|Blizzard|p2b: Incineroar|[spread] p2b\n|-activate|p2a: Aerodactyl|move: Protect\n|-resisted|p2b: Incineroar|1\n|-damage|p2b: Incineroar|69/100\n|move|p2b: Incineroar|Flare Blitz|p1b: Froslass\n|-supereffective|p1b: Froslass|1\n|-damage|p1b: Froslass|0 fnt\n|faint|p1b: Froslass\n|-damage|p2b: Incineroar|46/100|[from] Recoil\n|\n|-weather|Snowscape|[upkeep]\n|upkeep\n|\n|t:|1776202239\n|switch|p1b: Goodra|Goodra-Hisui, L50, F|100/100\n|turn|3\n|\n|t:|1776202249\n|move|p1a: Kingambit|Sucker Punch||[still]\n|-fail|p1a: Kingambit\n|move|p2a: Aerodactyl|Taunt|p1b: Goodra\n|-start|p1b: Goodra|move: Taunt\n|move|p2b: Incineroar|Flare Blitz|p1a: Kingambit\n|-supereffective|p1a: Kingambit|1\n|-damage|p1a: Kingambit|12/100\n|-damage|p2b: Incineroar|20/100|[from] Recoil\n|cant|p1b: Goodra|move: Taunt|Shelter\n|\n|-weather|Snowscape|[upkeep]\n|upkeep\n|turn|4\n|-message|lato_18 forfeited.\n|\n|win|NiceChyip\n|raw|lato_18's rating: 1318 &rarr; <strong>1300</strong><br />(-18 for losing)\n|raw|NiceChyip's rating: 1352 &rarr; <strong>1370</strong><br />(+18 for winning)\n|l|\u2606lato_18\n|player|p1|\n",
  "uploadtime": 1776202269,
  "views": 43,
  "formatid": "gen9championsvgc2026regma",
  "rating": 1300,
  "private": 0,
  "password": null
}