{
  "id": "gen9championsvgc2026regma-2585117969",
  "format": "[Gen 9 Champions] VGC 2026 Reg M-A",
  "players": [
    "Shadowflamepkm",
    "Nights Fire"
  ],
  "log": "|j|\u2606Shadowflamepkm\n|j|\u2606Nights Fire\n|t:|1776313837\n|gametype|doubles\n|player|p1|Shadowflamepkm|red|1147\n|player|p2|Nights Fire|ghetsis|1084\n|gen|9\n|tier|[Gen 9 Champions] VGC 2026 Reg M-A\n|rated|\n|rule|Species Clause: Limit one of each Pok\u00e9mon\n|rule|Item Clause: Limit 1 of each item\n|clearpoke\n|poke|p1|Charizard, L50, M|\n|poke|p1|Venusaur, L50, F|\n|poke|p1|Sneasler, L50, F|\n|poke|p1|Incineroar, L50, F|\n|poke|p1|Farigiraf, L50, M|\n|poke|p1|Torkoal, L50, M|\n|poke|p2|Charizard, L50, F|\n|poke|p2|Whimsicott, L50, M|\n|poke|p2|Basculegion, L50, M|\n|poke|p2|Farigiraf, L50, M|\n|poke|p2|Kangaskhan, L50, F|\n|poke|p2|Sneasler, L50, M|\n|teampreview|4\n|inactive|Battle timer is ON: inactive players will automatically lose when time's up. (requested by Nights Fire)\n|c|\u2606Shadowflamepkm|Glhf\n|inactive|Shadowflamepkm has 60 seconds left.\n|inactive|Nights Fire has 60 seconds left.\n|\n|t:|1776313893\n|teamsize|p1|4\n|teamsize|p2|4\n|start\n|switch|p1a: Farigiraf|Farigiraf, L50, M|100/100\n|switch|p1b: Incineroar|Incineroar, L50, F|100/100\n|switch|p2a: Sneasler|Sneasler, L50, M|100/100\n|switch|p2b: Basculegion|Basculegion, L50, M|100/100\n|-ability|p1b: Incineroar|Intimidate|boost\n|-unboost|p2a: Sneasler|atk|1\n|-unboost|p2b: Basculegion|atk|1\n|-enditem|p2a: Sneasler|White Herb\n|-clearnegativeboost|p2a: Sneasler|[silent]\n|turn|1\n|inactive|Nights Fire has 30 seconds left.\n|inactive|Nights Fire has 20 seconds left.\n|inactive|Nights Fire has 15 seconds left.\n|\n|t:|1776313934\n|switch|p1b: Venusaur|Venusaur, L50, F|100/100\n|move|p2a: Sneasler|Dire Claw|p1a: Farigiraf\n|-damage|p1a: Farigiraf|56/100\n|-status|p1a: Farigiraf|psn\n|move|p2b: Basculegion|Flip Turn|p1b: Venusaur\n|-resisted|p1b: Venusaur|1\n|-damage|p1b: Venusaur|85/100\n|\n|t:|1776313941\n|switch|p2b: Kangaskhan|Kangaskhan, L50, F|100/100|[from] Flip Turn\n|move|p1a: Farigiraf|Trick Room|p1a: Farigiraf\n|-fieldstart|move: Trick Room|[of] p1a: Farigiraf\n|\n|-damage|p1a: Farigiraf|44/100 psn|[from] psn\n|upkeep\n|turn|2\n|inactive|Nights Fire has 30 seconds left.\n|\n|t:|1776313971\n|detailschange|p2b: Kangaskhan|Kangaskhan-Mega, L50, F\n|-mega|p2b: Kangaskhan|Kangaskhan|Kangaskhanite\n|move|p1a: Farigiraf|Psychic|p2a: Sneasler\n|-supereffective|p2a: Sneasler|2\n|-damage|p2a: Sneasler|0 fnt\n|faint|p2a: Sneasler\n|move|p1b: Venusaur|Sleep Powder|p2b: Kangaskhan|[miss]\n|-miss|p1b: Venusaur|p2b: Kangaskhan\n|move|p2b: Kangaskhan|Double-Edge|p1b: Venusaur\n|-damage|p1b: Venusaur|8/100\n|-damage|p1b: Venusaur|0 fnt\n|faint|p1b: Venusaur\n|-hitcount|p1: Venusaur|2\n|-damage|p2b: Kangaskhan|72/100|[from] Recoil\n|\n|-damage|p1a: Farigiraf|32/100 psn|[from] psn\n|upkeep\n|\n|t:|1776313981\n|switch|p1b: Torkoal|Torkoal, L50, M|100/100\n|switch|p2a: Basculegion|Basculegion, L50, M|100/100\n|-weather|SunnyDay|[from] ability: Drought|[of] p1b: Torkoal\n|turn|3\n|inactive|Nights Fire has 30 seconds left.\n|\n|t:|1776314007\n|move|p1b: Torkoal|Eruption|p2a: Basculegion|[spread] p2a,p2b\n|-resisted|p2a: Basculegion|1\n|-damage|p2a: Basculegion|51/100\n|-damage|p2b: Kangaskhan|0 fnt\n|faint|p2b: Kangaskhan\n|move|p1a: Farigiraf|Psychic|p2a: Basculegion\n|-damage|p2a: Basculegion|13/100\n|-unboost|p2a: Basculegion|spd|1\n|move|p2a: Basculegion|Wave Crash|p1b: Torkoal\n|-supereffective|p1b: Torkoal|1\n|-damage|p1b: Torkoal|42/100\n|-damage|p2a: Basculegion|0 fnt|[from] Recoil\n|faint|p2a: Basculegion\n|\n|-weather|SunnyDay|[upkeep]\n|-damage|p1a: Farigiraf|19/100 psn|[from] psn\n|upkeep\n|\n|t:|1776314020\n|switch|p2b: Whimsicott|Whimsicott, L50, M|100/100\n|turn|4\n|\n|t:|1776314032\n|move|p1b: Torkoal|Heat Wave|p2b: Whimsicott\n|-supereffective|p2b: Whimsicott|1\n|-enditem|p2b: Whimsicott|Focus Sash\n|-damage|p2b: Whimsicott|1/100\n|move|p1a: Farigiraf|Psychic|p2b: Whimsicott\n|-damage|p2b: Whimsicott|0 fnt\n|faint|p2b: Whimsicott\n|\n|win|Shadowflamepkm\n|raw|Shadowflamepkm's rating: 1147 &rarr; <strong>1168</strong><br />(+21 for winning)\n|raw|Nights Fire's rating: 1084 &rarr; <strong>1065</strong><br />(-19 for losing)\n|l|\u2606Nights Fire\n|player|p2|\n|c|\u2606Shadowflamepkm|Gg\n",
  "uploadtime": 1776314046,
  "views": 19,
  "formatid": "gen9championsvgc2026regma",
  "rating": 1065,
  "private": 0,
  "password": null
}