{
  "id": "gen9championsvgc2026regma-2583440528",
  "format": "[Gen 9 Champions] VGC 2026 Reg M-A",
  "players": [
    "chillerpi2",
    "estatistico"
  ],
  "log": "|j|\u2606chillerpi2\n|j|\u2606estatistico\n|t:|1776175818\n|gametype|doubles\n|player|p1|chillerpi2|265|1155\n|player|p2|estatistico|iono|1214\n|gen|9\n|tier|[Gen 9 Champions] VGC 2026 Reg M-A\n|rated|\n|rule|Species Clause: Limit one of each Pok\u00e9mon\n|rule|Item Clause: Limit 1 of each item\n|clearpoke\n|poke|p1|Meganium, L50, M|\n|poke|p1|Pelipper, L50, F|\n|poke|p1|Basculegion, L50, M|\n|poke|p1|Archaludon, L50, F|\n|poke|p1|Incineroar, L50, M|\n|poke|p1|Farigiraf, L50, F|\n|poke|p2|Kingambit, L50, F|\n|poke|p2|Dragonite, L50, F|\n|poke|p2|Sneasler, L50, F|\n|poke|p2|Sinistcha, L50|\n|poke|p2|Greninja-*, L50, M|\n|poke|p2|Drampa, L50, F|\n|teampreview|4\n|\n|t:|1776175847\n|teamsize|p1|4\n|teamsize|p2|4\n|start\n|switch|p1a: Meganium|Meganium, L50, M|100/100\n|switch|p1b: Farigiraf|Farigiraf, L50, F|100/100\n|switch|p2a: Drampa|Drampa, L50, F|100/100\n|switch|p2b: Dragonite|Dragonite, L50, F|100/100\n|turn|1\n|\n|t:|1776175894\n|detailschange|p1a: Meganium|Meganium-Mega, L50, M\n|-mega|p1a: Meganium|Meganium|Meganiumite\n|detailschange|p2a: Drampa|Drampa-Mega, L50, F\n|-mega|p2a: Drampa|Drampa|Drampanite\n|move|p1b: Farigiraf|Helping Hand|p1a: Meganium\n|-singleturn|p1a: Meganium|Helping Hand|[of] p1b: Farigiraf\n|move|p2b: Dragonite|Dragon Dance|p2b: Dragonite\n|-boost|p2b: Dragonite|atk|1\n|-boost|p2b: Dragonite|spe|1\n|move|p1a: Meganium|Dazzling Gleam|p2a: Drampa|[spread] p2a,p2b\n|-supereffective|p2a: Drampa|1\n|-supereffective|p2b: Dragonite|1\n|-crit|p2b: Dragonite\n|-damage|p2a: Drampa|10/100\n|-damage|p2b: Dragonite|0 fnt\n|faint|p2b: Dragonite\n|-ability|p2a: Drampa|Berserk|boost\n|-boost|p2a: Drampa|spa|1\n|move|p2a: Drampa|Hyper Voice|p1b: Farigiraf|[spread] p1a,p1b\n|-damage|p1a: Meganium|39/100\n|-damage|p1b: Farigiraf|33/100\n|\n|upkeep\n|\n|t:|1776175898\n|switch|p2b: Sinistcha|Sinistcha, L50|100/100\n|-heal|p2a: Drampa|35/100|[from] ability: Hospitality|[of] p2b: Sinistcha\n|turn|2\n|\n|t:|1776175939\n|switch|p1a: Pelipper|Pelipper, L50, F|100/100\n|-weather|RainDance|[from] ability: Drizzle|[of] p1a: Pelipper\n|move|p2a: Drampa|Protect|p2a: Drampa\n|-singleturn|p2a: Drampa|Protect\n|move|p1b: Farigiraf|Psychic|p2a: Drampa\n|-activate|p2a: Drampa|move: Protect\n|move|p2b: Sinistcha|Trick Room|p2b: Sinistcha\n|-fieldstart|move: Trick Room|[of] p2b: Sinistcha\n|\n|-weather|RainDance|[upkeep]\n|upkeep\n|turn|3\n|\n|t:|1776175995\n|move|p1a: Pelipper|Wide Guard|p1a: Pelipper\n|-singleturn|p1a: Pelipper|Wide Guard\n|move|p2a: Drampa|Hyper Voice|p1b: Farigiraf|[spread] \n|-activate|p1a: Pelipper|move: Wide Guard\n|-activate|p1b: Farigiraf|move: Wide Guard\n|move|p2b: Sinistcha|Matcha Gotcha|p1b: Farigiraf|[spread] \n|-activate|p1a: Pelipper|move: Wide Guard\n|-activate|p1b: Farigiraf|move: Wide Guard\n|move|p1b: Farigiraf|Trick Room|p1b: Farigiraf\n|-fieldend|move: Trick Room\n|\n|-weather|RainDance|[upkeep]\n|upkeep\n|turn|4\n|\n|t:|1776176044\n|move|p1a: Pelipper|Hurricane|p2b: Sinistcha\n|-supereffective|p2b: Sinistcha|1\n|-damage|p2b: Sinistcha|0 fnt\n|faint|p2b: Sinistcha\n|move|p1b: Farigiraf|Hyper Voice|p2a: Drampa\n|-damage|p2a: Drampa|0 fnt\n|faint|p2a: Drampa\n|\n|-weather|RainDance|[upkeep]\n|upkeep\n|-message|estatistico forfeited.\n|\n|win|chillerpi2\n|raw|chillerpi2's rating: 1155 &rarr; <strong>1184</strong><br />(+29 for winning)\n|raw|estatistico's rating: 1214 &rarr; <strong>1185</strong><br />(-29 for losing)\n|l|\u2606estatistico\n|player|p2|\n",
  "uploadtime": 1776176083,
  "views": 14,
  "formatid": "gen9championsvgc2026regma",
  "rating": 1184,
  "private": 0,
  "password": null
}