{
  "id": "gen9championsvgc2026regma-2581139120",
  "format": "[Gen 9 Champions] VGC 2026 Reg M-A",
  "players": [
    "SilphGambleR",
    "redistr"
  ],
  "log": "|j|\u2606SilphGambleR\n|j|\u2606redistr\n|t:|1775963642\n|gametype|doubles\n|player|p1|SilphGambleR|hilbert|1397\n|player|p2|redistr|chili|1389\n|gen|9\n|tier|[Gen 9 Champions] VGC 2026 Reg M-A\n|rated|\n|rule|Species Clause: Limit one of each Pok\u00e9mon\n|rule|Item Clause: Limit 1 of each item\n|clearpoke\n|poke|p1|Archaludon, L50, M|\n|poke|p1|Armarouge, L50, F|\n|poke|p1|Gengar, L50, F|\n|poke|p1|Lucario, L50, M|\n|poke|p1|Azumarill, L50, F|\n|poke|p1|Garchomp, L50, F|\n|poke|p2|Delphox, L50, F|\n|poke|p2|Garchomp, L50, F|\n|poke|p2|Incineroar, L50, F|\n|poke|p2|Sneasler, L50, F|\n|poke|p2|Kingambit, L50, M|\n|poke|p2|Floette-Eternal, L50, F|\n|teampreview|4\n|inactive|Battle timer is ON: inactive players will automatically lose when time's up. (requested by redistr)\n|\n|t:|1775963672\n|teamsize|p1|4\n|teamsize|p2|4\n|start\n|switch|p1a: Archaludon|Archaludon, L50, M|100/100\n|switch|p1b: Lucario|Lucario, L50, M|100/100\n|switch|p2a: Karma|Incineroar, L50, F|100/100\n|switch|p2b: Again Again!|Delphox, L50, F, shiny|100/100\n|-ability|p2a: Karma|Intimidate|boost\n|-unboost|p1a: Archaludon|atk|1\n|-fail|p1b: Lucario|unboost|Attack|[from] ability: Inner Focus|[of] p1b: Lucario\n|turn|1\n|j| 51_vm\n|\n|t:|1775963682\n|detailschange|p2b: Again Again!|Delphox-Mega, L50, F, shiny\n|-mega|p2b: Again Again!|Delphox|Delphoxite\n|move|p2b: Again Again!|Heat Wave|p1b: Lucario|[spread] p1a,p1b\n|-supereffective|p1b: Lucario|1\n|-damage|p1a: Archaludon|52/100\n|-damage|p1b: Lucario|4/100\n|-status|p1a: Archaludon|brn\n|-ability|p1a: Archaludon|Stamina|boost\n|-boost|p1a: Archaludon|def|1\n|move|p1b: Lucario|Close Combat|p2a: Karma\n|-supereffective|p2a: Karma|1\n|-damage|p2a: Karma|0 fnt\n|-unboost|p1b: Lucario|def|1\n|-unboost|p1b: Lucario|spd|1\n|faint|p2a: Karma\n|move|p1a: Archaludon|Dragon Pulse|p2b: Again Again!\n|-damage|p2b: Again Again!|57/100\n|\n|-damage|p1a: Archaludon|46/100 brn|[from] brn\n|upkeep\n|j| jungro\n|\n|t:|1775963699\n|switch|p2a: A Diva|Garchomp, L50, F, shiny|100/100\n|turn|2\n|\n|t:|1775963707\n|move|p1b: Lucario|Vacuum Wave|p2a: A Diva\n|-damage|p2a: A Diva|85/100\n|move|p2b: Again Again!|Heat Wave|p1b: Lucario|[spread] p1a,p1b\n|-supereffective|p1b: Lucario|1\n|-damage|p1a: Archaludon|0 fnt\n|-damage|p1b: Lucario|0 fnt\n|faint|p1a: Archaludon\n|faint|p1b: Lucario\n|move|p2a: A Diva|Earthquake|p2b: Again Again!\n|-immune|p2b: Again Again!|[from] ability: Levitate\n|\n|upkeep\n|\n|t:|1775963710\n|switch|p1b: Gengar|Gengar, L50, F|100/100\n|switch|p1a: Azumarill|Azumarill, L50, F|100/100\n|turn|3\n|\n|t:|1775963727\n|detailschange|p1b: Gengar|Gengar-Mega, L50, F\n|-mega|p1b: Gengar|Gengar|Gengarite\n|move|p2b: Again Again!|Protect|p2b: Again Again!\n|-singleturn|p2b: Again Again!|Protect\n|move|p1a: Azumarill|Aqua Jet|p2b: Again Again!\n|-activate|p2b: Again Again!|move: Protect\n|move|p1b: Gengar|Icy Wind|p2a: A Diva|[spread] \n|-activate|p2b: Again Again!|move: Protect\n|-miss|p1b: Gengar|p2a: A Diva\n|move|p2a: A Diva|Earthquake|p1a: Azumarill|[spread] p1a,p1b\n|-activate|p2b: Again Again!|move: Protect\n|-supereffective|p1b: Gengar|1\n|-damage|p1a: Azumarill|60/100\n|-damage|p1b: Gengar|0 fnt\n|faint|p1b: Gengar\n|\n|upkeep\n|turn|4\n|\n|t:|1775963746\n|move|p2b: Again Again!|Psychic|p1a: Azumarill\n|-damage|p1a: Azumarill|7/100\n|-unboost|p1a: Azumarill|spd|1\n|-enditem|p1a: Azumarill|Sitrus Berry|[eat]\n|-heal|p1a: Azumarill|32/100|[from] item: Sitrus Berry\n|move|p2a: A Diva|Earthquake|p1a: Azumarill|[spread] p1a\n|-immune|p2b: Again Again!|[from] ability: Levitate\n|-damage|p1a: Azumarill|0 fnt\n|faint|p1a: Azumarill\n|\n|win|redistr\n|raw|SilphGambleR's rating: 1397 &rarr; <strong>1377</strong><br />(-20 for losing)\n|raw|redistr's rating: 1389 &rarr; <strong>1409</strong><br />(+20 for winning)\n|l|\u2606SilphGambleR\n|player|p1|\n|l|\u2606redistr\n|player|p2|\n|l| jungro\n",
  "uploadtime": 1775963889,
  "views": 34,
  "formatid": "gen9championsvgc2026regma",
  "rating": 1377,
  "private": 0,
  "password": null
}