{
  "id": "gen9championsvgc2026regma-2587197945",
  "format": "[Gen 9 Champions] VGC 2026 Reg M-A",
  "players": [
    "SphealGoodMoment",
    "dontbeasackwhanny"
  ],
  "log": "|j|\u2606SphealGoodMoment\n|j|\u2606dontbeasackwhanny\n|t:|1776507672\n|gametype|doubles\n|player|p1|SphealGoodMoment|nemona-s|1104\n|player|p2|dontbeasackwhanny|266|1070\n|gen|9\n|tier|[Gen 9 Champions] VGC 2026 Reg M-A\n|rated|\n|rule|Species Clause: Limit one of each Pok\u00e9mon\n|rule|Item Clause: Limit 1 of each item\n|clearpoke\n|poke|p1|Aerodactyl, L50, F|\n|poke|p1|Garchomp, L50, M|\n|poke|p1|Froslass, L50, F|\n|poke|p1|Sneasler, L50, F|\n|poke|p1|Basculegion, L50, M|\n|poke|p1|Kingambit, L50, F|\n|poke|p2|Alakazam, L50, M|\n|poke|p2|Hatterene, L50, F|\n|poke|p2|Aggron, L50, M|\n|poke|p2|Dragapult, L50, M|\n|poke|p2|Arcanine-Hisui, L50, F|\n|poke|p2|Maushold-Four, L50|\n|teampreview|4\n|\n|t:|1776507718\n|teamsize|p1|4\n|teamsize|p2|4\n|start\n|switch|p1a: Sneasler|Sneasler, L50, F|100/100\n|switch|p1b: Kingambit|Kingambit, L50, F|100/100\n|switch|p2a: Alakazam|Alakazam, L50, M|100/100\n|switch|p2b: Maushold|Maushold-Four, L50|100/100\n|turn|1\n|inactive|Battle timer is ON: inactive players will automatically lose when time's up. (requested by SphealGoodMoment)\n|\n|t:|1776507747\n|detailschange|p2a: Alakazam|Alakazam-Mega, L50, M\n|-mega|p2a: Alakazam|Alakazam|Alakazite\n|-ability|p2a: Alakazam|Defiant|Trace|[from] ability: Trace|[of] p1b: Kingambit\n|move|p2a: Alakazam|Protect|p2a: Alakazam\n|-singleturn|p2a: Alakazam|Protect\n|move|p1a: Sneasler|Fake Out|p2a: Alakazam\n|-activate|p2a: Alakazam|move: Protect\n|move|p2b: Maushold|Population Bomb|p1b: Kingambit\n|-resisted|p1b: Kingambit|1\n|-damage|p1b: Kingambit|98/100\n|-resisted|p1b: Kingambit|1\n|-damage|p1b: Kingambit|96/100\n|-resisted|p1b: Kingambit|1\n|-damage|p1b: Kingambit|94/100\n|-resisted|p1b: Kingambit|1\n|-damage|p1b: Kingambit|92/100\n|-resisted|p1b: Kingambit|1\n|-crit|p1b: Kingambit\n|-damage|p1b: Kingambit|89/100\n|-resisted|p1b: Kingambit|1\n|-damage|p1b: Kingambit|87/100\n|-resisted|p1b: Kingambit|1\n|-damage|p1b: Kingambit|84/100\n|-resisted|p1b: Kingambit|1\n|-damage|p1b: Kingambit|83/100\n|-resisted|p1b: Kingambit|1\n|-damage|p1b: Kingambit|81/100\n|-resisted|p1b: Kingambit|1\n|-damage|p1b: Kingambit|79/100\n|-hitcount|p1b: Kingambit|10\n|cant|p1b: Kingambit|flinch\n|\n|upkeep\n|turn|2\n|inactive|SphealGoodMoment has 30 seconds left.\n|inactive|dontbeasackwhanny has 30 seconds left.\n|\n|t:|1776507781\n|move|p2a: Alakazam|Psychic Terrain|p2a: Alakazam\n|-fieldstart|move: Psychic Terrain\n|move|p1a: Sneasler|Close Combat|p2b: Maushold\n|-supereffective|p2b: Maushold|1\n|-damage|p2b: Maushold|0 fnt\n|-unboost|p1a: Sneasler|def|1\n|-unboost|p1a: Sneasler|spd|1\n|faint|p2b: Maushold\n|-enditem|p1a: Sneasler|White Herb\n|-clearnegativeboost|p1a: Sneasler|[silent]\n|move|p1b: Kingambit|Kowtow Cleave|p2a: Alakazam\n|-supereffective|p2a: Alakazam|1\n|-damage|p2a: Alakazam|0 fnt\n|faint|p2a: Alakazam\n|\n|upkeep\n|\n|t:|1776507793\n|switch|p2a: Dragapult|Dragapult, L50, M|100/100\n|switch|p2b: Hatterene|Hatterene, L50, F|100/100\n|turn|3\n|\n|t:|1776507807\n|move|p1a: Sneasler|Dire Claw|p2b: Hatterene\n|-supereffective|p2b: Hatterene|1\n|-damage|p2b: Hatterene|13/100\n|move|p2a: Dragapult|Draco Meteor|p1b: Kingambit\n|-resisted|p1b: Kingambit|1\n|-damage|p1b: Kingambit|45/100\n|-unboost|p2a: Dragapult|spa|2\n|-enditem|p2a: Dragapult|White Herb\n|-clearnegativeboost|p2a: Dragapult|[silent]\n|move|p1b: Kingambit|Kowtow Cleave|p2a: Dragapult\n|-supereffective|p2a: Dragapult|1\n|-damage|p2a: Dragapult|0 fnt\n|faint|p2a: Dragapult\n|move|p2b: Hatterene|Expanding Force|p1b: Kingambit|[spread] p1a\n|-immune|p1b: Kingambit\n|-supereffective|p1a: Sneasler|2\n|-damage|p1a: Sneasler|0 fnt\n|faint|p1a: Sneasler\n|\n|upkeep\n|-message|dontbeasackwhanny forfeited.\n|\n|win|SphealGoodMoment\n|raw|SphealGoodMoment's rating: 1104 &rarr; <strong>1127</strong><br />(+23 for winning)\n|raw|dontbeasackwhanny's rating: 1070 &rarr; <strong>1051</strong><br />(-19 for losing)\n|l|\u2606dontbeasackwhanny\n|player|p2|\n",
  "uploadtime": 1776507826,
  "views": 12,
  "formatid": "gen9championsvgc2026regma",
  "rating": 1051,
  "private": 0,
  "password": null
}