{
  "id": "gen9championsvgc2026regma-2582758058",
  "format": "[Gen 9 Champions] VGC 2026 Reg M-A",
  "players": [
    "chichinitz",
    "Poke u.u"
  ],
  "log": "|j|\u2606chichinitz\n|j|\u2606Poke u.u\n|t:|1776112032\n|gametype|doubles\n|player|p1|chichinitz|102|1041\n|player|p2|Poke u.u|preschoolerf|1079\n|gen|9\n|tier|[Gen 9 Champions] VGC 2026 Reg M-A\n|rated|\n|rule|Species Clause: Limit one of each Pok\u00e9mon\n|rule|Item Clause: Limit 1 of each item\n|clearpoke\n|poke|p1|Meganium, L50, F|\n|poke|p1|Pelipper, L50, M|\n|poke|p1|Basculegion, L50, M|\n|poke|p1|Archaludon, L50, F|\n|poke|p1|Sinistcha, L50|\n|poke|p1|Manectric, L50, M|\n|poke|p2|Meowstic-F, L50, F|\n|poke|p2|Tsareena, L50, F|\n|poke|p2|Hatterene, L50, F|\n|poke|p2|Salazzle, L50, F|\n|poke|p2|Aerodactyl, L50, F|\n|poke|p2|Froslass, L50, F|\n|teampreview|4\n|\n|t:|1776112077\n|teamsize|p1|4\n|teamsize|p2|4\n|start\n|switch|p1a: Meganium|Meganium, L50, F|100/100\n|switch|p1b: Archaludon|Archaludon, L50, F|100/100\n|switch|p2a: Aerodactyl|Aerodactyl, L50, F, shiny|100/100\n|switch|p2b: Froslass|Froslass, L50, F|100/100\n|-ability|p2a: Aerodactyl|Unnerve\n|turn|1\n|\n|t:|1776112098\n|switch|p1a: Pelipper|Pelipper, L50, M|100/100\n|-weather|RainDance|[from] ability: Drizzle|[of] p1a: Pelipper\n|move|p2b: Froslass|Protect|p2b: Froslass\n|-singleturn|p2b: Froslass|Protect\n|move|p2a: Aerodactyl|Tailwind|p2a: Aerodactyl\n|-sidestart|p2: Poke u.u|move: Tailwind\n|move|p1b: Archaludon|Flash Cannon|p2b: Froslass\n|-activate|p2b: Froslass|move: Protect\n|\n|-weather|RainDance|[upkeep]\n|upkeep\n|turn|2\n|\n|t:|1776112135\n|detailschange|p2b: Froslass|Froslass-Mega, L50, F\n|-mega|p2b: Froslass|Froslass|Froslassite\n|-weather|Snowscape|[from] ability: Snow Warning|[of] p2b: Froslass\n|move|p2b: Froslass|Shadow Ball|p1b: Archaludon\n|-damage|p1b: Archaludon|57/100\n|-unboost|p1b: Archaludon|spd|1\n|move|p2a: Aerodactyl|Rock Slide|p1b: Archaludon|[spread] p1a,p1b\n|-supereffective|p1a: Pelipper|1\n|-resisted|p1b: Archaludon|1\n|-damage|p1a: Pelipper|54/100\n|-damage|p1b: Archaludon|50/100\n|move|p1b: Archaludon|Electro Shot||[still]\n|-prepare|p1b: Archaludon|Electro Shot\n|-boost|p1b: Archaludon|spa|1\n|cant|p1a: Pelipper|flinch\n|\n|-weather|Snowscape|[upkeep]\n|upkeep\n|turn|3\n|-message|chichinitz forfeited.\n|\n|win|Poke u.u\n|raw|chichinitz's rating: 1041 &rarr; <strong>1027</strong><br />(-14 for losing)\n|raw|Poke u.u's rating: 1079 &rarr; <strong>1104</strong><br />(+25 for winning)\n|l|\u2606chichinitz\n|player|p1|\n",
  "uploadtime": 1776112170,
  "views": 14,
  "formatid": "gen9championsvgc2026regma",
  "rating": 1027,
  "private": 0,
  "password": null
}