{
  "id": "gen9championsvgc2026regma-2585206780",
  "format": "[Gen 9 Champions] VGC 2026 Reg M-A",
  "players": [
    "Munchlaxxxed",
    "UtimateFlow"
  ],
  "log": "|j|\u2606Munchlaxxxed\n|j|\u2606UtimateFlow\n|t:|1776324955\n|gametype|doubles\n|player|p1|Munchlaxxxed|170|1082\n|player|p2|UtimateFlow|hilbert-wonderlauncher|1072\n|gen|9\n|tier|[Gen 9 Champions] VGC 2026 Reg M-A\n|rated|\n|rule|Species Clause: Limit one of each Pok\u00e9mon\n|rule|Item Clause: Limit 1 of each item\n|clearpoke\n|poke|p1|Aerodactyl, L50, M|\n|poke|p1|Charizard, L50, M|\n|poke|p1|Venusaur, L50, F|\n|poke|p1|Aegislash, L50, F|\n|poke|p1|Sneasler, L50, F|\n|poke|p1|Milotic, L50, F|\n|poke|p2|Drampa, L50, M|\n|poke|p2|Farigiraf, L50, M|\n|poke|p2|Kangaskhan, L50, F|\n|poke|p2|Lopunny, L50, F|\n|poke|p2|Maushold-Four, L50|\n|poke|p2|Snorlax, L50, M|\n|teampreview|4\n|inactive|Battle timer is ON: inactive players will automatically lose when time's up. (requested by UtimateFlow)\n|inactive|Munchlaxxxed has 60 seconds left.\n|\n|t:|1776325001\n|teamsize|p1|4\n|teamsize|p2|4\n|start\n|switch|p1a: Sneasler|Sneasler, L50, F|100/100\n|switch|p1b: Charizard|Charizard, L50, M|100/100\n|switch|p2a: Kangaskhan|Kangaskhan, L50, F|100/100\n|switch|p2b: Maushold|Maushold-Four, L50|100/100\n|turn|1\n|\n|t:|1776325023\n|detailschange|p1b: Charizard|Charizard-Mega-Y, L50, M\n|-mega|p1b: Charizard|Charizard|Charizardite Y\n|-weather|SunnyDay|[from] ability: Drought|[of] p1b: Charizard\n|detailschange|p2a: Kangaskhan|Kangaskhan-Mega, L50, F\n|-mega|p2a: Kangaskhan|Kangaskhan|Kangaskhanite\n|move|p1b: Charizard|Protect|p1b: Charizard\n|-singleturn|p1b: Charizard|Protect\n|move|p2a: Kangaskhan|Fake Out|p1b: Charizard\n|-activate|p1b: Charizard|move: Protect\n|move|p2b: Maushold|Population Bomb|p1b: Charizard\n|-activate|p1b: Charizard|move: Protect\n|move|p1a: Sneasler|Acid Spray|p2a: Kangaskhan\n|-damage|p2a: Kangaskhan|96/100\n|-unboost|p2a: Kangaskhan|spd|2\n|\n|-weather|SunnyDay|[upkeep]\n|upkeep\n|turn|2\n|inactive|UtimateFlow has 30 seconds left.\n|\n|t:|1776325050\n|switch|p1b: Aegislash|Aegislash, L50, F|100/100\n|move|p2a: Kangaskhan|Sucker Punch||[still]\n|-fail|p2a: Kangaskhan\n|move|p2b: Maushold|Population Bomb|p1b: Aegislash\n|-immune|p1b: Aegislash\n|move|p1a: Sneasler|Close Combat|p2b: Maushold\n|-supereffective|p2b: Maushold|1\n|-enditem|p2b: Maushold|Focus Sash\n|-damage|p2b: Maushold|1/100\n|-unboost|p1a: Sneasler|def|1\n|-unboost|p1a: Sneasler|spd|1\n|-enditem|p1a: Sneasler|White Herb\n|-clearnegativeboost|p1a: Sneasler|[silent]\n|\n|-weather|SunnyDay|[upkeep]\n|upkeep\n|turn|3\n|inactive|UtimateFlow has 30 seconds left.\n|inactive|UtimateFlow has 20 seconds left.\n|inactive|UtimateFlow has 15 seconds left.\n|inactive|UtimateFlow has 10 seconds left.\n|l|\u2606UtimateFlow\n|inactive|UtimateFlow disconnected and has a minute to reconnect!\n|player|p2|\n|inactive|UtimateFlow has 5 seconds left.\n|-message|UtimateFlow lost due to inactivity.\n|\n|win|Munchlaxxxed\n|raw|Munchlaxxxed's rating: 1082 &rarr; <strong>1109</strong><br />(+27 for winning)\n|raw|UtimateFlow's rating: 1072 &rarr; <strong>1052</strong><br />(-20 for losing)\n",
  "uploadtime": 1776325105,
  "views": 17,
  "formatid": "gen9championsvgc2026regma",
  "rating": 1052,
  "private": 0,
  "password": null
}