{
  "id": "gen9championsvgc2026regma-2586241069",
  "format": "[Gen 9 Champions] VGC 2026 Reg M-A",
  "players": [
    "Adach6-1",
    "RashidSF6_Enjoyer"
  ],
  "log": "|j|\u2606Adach6-1\n|j|\u2606RashidSF6_Enjoyer\n|t:|1776416297\n|gametype|doubles\n|player|p1|Adach6-1|169|1053\n|player|p2|RashidSF6_Enjoyer|miku-grass|1037\n|gen|9\n|tier|[Gen 9 Champions] VGC 2026 Reg M-A\n|rated|\n|rule|Species Clause: Limit one of each Pok\u00e9mon\n|rule|Item Clause: Limit 1 of each item\n|clearpoke\n|poke|p1|Garchomp, L50, F|\n|poke|p1|Oranguru, L50, F|\n|poke|p1|Tyranitar, L50, F|\n|poke|p1|Rotom-Mow, L50|\n|poke|p1|Excadrill, L50, M|\n|poke|p1|Gyarados, L50, M|\n|poke|p2|Feraligatr, L50, M|\n|poke|p2|Sinistcha-Masterpiece, L50|\n|poke|p2|Pelipper, L50, F|\n|poke|p2|Beedrill, L50, F|\n|poke|p2|Azumarill, L50, M|\n|poke|p2|Farigiraf, L50, M|\n|teampreview|4\n|inactive|Battle timer is ON: inactive players will automatically lose when time's up. (requested by RashidSF6_Enjoyer)\nRashidSF6_Enjoyer has agreed to open team sheets.\n|inactive|Adach6-1 has 60 seconds left.\n|\n|t:|1776416328\n|teamsize|p1|4\n|teamsize|p2|4\n|start\n|switch|p1a: Rotom|Rotom-Mow, L50|100/100\n|switch|p1b: Tyranitar|Tyranitar, L50, F|100/100\n|switch|p2a: Springtrap|Azumarill, L50, M, shiny|100/100\n|switch|p2b: Chaddington|Sinistcha-Masterpiece, L50|100/100\n|-weather|Sandstorm|[from] ability: Sand Stream|[of] p1b: Tyranitar\n|turn|1\n|\n|t:|1776416345\n|move|p2b: Chaddington|Rage Powder|p2b: Chaddington\n|-singleturn|p2b: Chaddington|move: Rage Powder\n|move|p1a: Rotom|Volt Switch|p2a: Springtrap\n|-supereffective|p2a: Springtrap|1\n|-damage|p2a: Springtrap|40/100\n|\n|t:|1776416354\n|switch|p1a: Oranguru|Oranguru, L50, F|100/100|[from] Volt Switch\n|move|p1b: Tyranitar|Knock Off|p2b: Chaddington\n|-supereffective|p2b: Chaddington|1\n|-damage|p2b: Chaddington|12/100\n|-enditem|p2b: Chaddington|Mental Herb|[from] move: Knock Off|[of] p1b: Tyranitar\n|move|p2a: Springtrap|Belly Drum||[still]\n|-fail|p2a: Springtrap\n|\n|-weather|Sandstorm|[upkeep]\n|-damage|p2b: Chaddington|6/100|[from] Sandstorm\n|-damage|p1a: Oranguru|94/100|[from] Sandstorm\n|-damage|p2a: Springtrap|34/100|[from] Sandstorm\n|upkeep\n|turn|2\n|\n|t:|1776416375\n|move|p1b: Tyranitar|Protect|p1b: Tyranitar\n|-singleturn|p1b: Tyranitar|Protect\n|move|p2a: Springtrap|Aqua Jet|p1b: Tyranitar\n|-activate|p1b: Tyranitar|move: Protect\n|move|p2b: Chaddington|Giga Drain|p1b: Tyranitar\n|-activate|p1b: Tyranitar|move: Protect\n|move|p1a: Oranguru|Trick Room|p1a: Oranguru\n|-fieldstart|move: Trick Room|[of] p1a: Oranguru\n|\n|-weather|Sandstorm|[upkeep]\n|-damage|p1a: Oranguru|88/100|[from] Sandstorm\n|-damage|p2a: Springtrap|28/100|[from] Sandstorm\n|-damage|p2b: Chaddington|0 fnt|[from] Sandstorm\n|faint|p2b: Chaddington\n|upkeep\n|\n|t:|1776416390\n|switch|p2b: Weather Ball Z|Pelipper, L50, F|100/100\n|-weather|RainDance|[from] ability: Drizzle|[of] p2b: Weather Ball Z\n|turn|3\n|\n|t:|1776416402\n|move|p2a: Springtrap|Aqua Jet|p1b: Tyranitar\n|-supereffective|p1b: Tyranitar|1\n|-crit|p1b: Tyranitar\n|-damage|p1b: Tyranitar|5/100\n|move|p1a: Oranguru|Hyper Voice|p2b: Weather Ball Z|[spread] p2a,p2b\n|-damage|p2a: Springtrap|8/100\n|-damage|p2b: Weather Ball Z|63/100\n|move|p1b: Tyranitar|Rock Slide|p2b: Weather Ball Z|[spread] p2a,p2b\n|-supereffective|p2b: Weather Ball Z|1\n|-damage|p2a: Springtrap|0 fnt\n|-damage|p2b: Weather Ball Z|0 fnt\n|faint|p2a: Springtrap\n|faint|p2b: Weather Ball Z\n|\n|-weather|RainDance|[upkeep]\n|upkeep\n|-message|RashidSF6_Enjoyer forfeited.\n|\n|win|Adach6-1\n|raw|Adach6-1's rating: 1053 &rarr; <strong>1084</strong><br />(+31 for winning)\n|raw|RashidSF6_Enjoyer's rating: 1037 &rarr; <strong>1022</strong><br />(-15 for losing)\n|l|\u2606RashidSF6_Enjoyer\n|player|p2|\n",
  "uploadtime": 1776416936,
  "views": 17,
  "formatid": "gen9championsvgc2026regma",
  "rating": 1022,
  "private": 0,
  "password": null
}