{
  "id": "gen9championsvgc2026regma-2585131599",
  "format": "[Gen 9 Champions] VGC 2026 Reg M-A",
  "players": [
    "torterrnite",
    "vsdfvsdf"
  ],
  "log": "|j|\u2606torterrnite\n|j|\u2606vsdfvsdf\n|t:|1776315530\n|gametype|doubles\n|player|p1|torterrnite|lana|1136\n|player|p2|vsdfvsdf|102|1210\n|gen|9\n|tier|[Gen 9 Champions] VGC 2026 Reg M-A\n|rated|\n|rule|Species Clause: Limit one of each Pok\u00e9mon\n|rule|Item Clause: Limit 1 of each item\n|clearpoke\n|poke|p1|Manectric, L50, M|\n|poke|p1|Whimsicott, L50, F|\n|poke|p1|Farigiraf, L50, F|\n|poke|p1|Milotic, L50, M|\n|poke|p1|Lycanroc-Dusk, L50, F|\n|poke|p1|Skarmory, L50, M|\n|poke|p2|Delphox, L50, M|\n|poke|p2|Kommo-o, L50, F|\n|poke|p2|Sylveon, L50, F|\n|poke|p2|Dragapult, L50, F|\n|poke|p2|Sinistcha-Masterpiece, L50|\n|poke|p2|Kleavor, L50, M|\n|teampreview|4\n|inactive|Battle timer is ON: inactive players will automatically lose when time's up. (requested by torterrnite)\n|inactive|vsdfvsdf also wants the timer to be on.\n|\n|t:|1776315551\n|teamsize|p1|4\n|teamsize|p2|4\n|start\n|switch|p1a: Michael Vick|Skarmory, L50, M|100/100\n|switch|p1b: Blanch|Whimsicott, L50, F|100/100\n|switch|p2a: Kleavor|Kleavor, L50, M|100/100\n|switch|p2b: Delphox|Delphox, L50, M|100/100\n|turn|1\n|\n|t:|1776315564\n|detailschange|p2b: Delphox|Delphox-Mega, L50, M\n|-mega|p2b: Delphox|Delphox|Delphoxite\n|detailschange|p1a: Michael Vick|Skarmory-Mega, L50, M\n|-mega|p1a: Michael Vick|Skarmory|Skarmorite\n|move|p1b: Blanch|Tailwind|p1b: Blanch\n|-sidestart|p1: torterrnite|move: Tailwind\n|move|p1a: Michael Vick|Rock Slide|p2b: Delphox|[spread] p2a,p2b\n|-supereffective|p2a: Kleavor|1\n|-supereffective|p2b: Delphox|1\n|-damage|p2a: Kleavor|46/100\n|-damage|p2b: Delphox|36/100\n|cant|p2b: Delphox|flinch\n|move|p2a: Kleavor|Tailwind|p2a: Kleavor\n|-sidestart|p2: vsdfvsdf|move: Tailwind\n|\n|upkeep\n|turn|2\n|inactive|torterrnite has 30 seconds left.\n|\n|t:|1776315593\n|move|p1a: Michael Vick|Protect|p1a: Michael Vick\n|-singleturn|p1a: Michael Vick|Protect\n|move|p1b: Blanch|Encore|p2a: Kleavor\n|-start|p2a: Kleavor|Encore\n|move|p2b: Delphox|Heat Wave|p1a: Michael Vick|[spread] p1b\n|-activate|p1a: Michael Vick|move: Protect\n|-supereffective|p1b: Blanch|1\n|-enditem|p1b: Blanch|Focus Sash\n|-damage|p1b: Blanch|1/100\n|-status|p1b: Blanch|brn\n|move|p2a: Kleavor|Tailwind||[still]\n|-fail|p2a: Kleavor\n|\n|-damage|p1b: Blanch|0 fnt|[from] brn\n|faint|p1b: Blanch\n|upkeep\n|\n|t:|1776315599\n|switch|p1b: Princess|Lycanroc-Dusk, L50, F|100/100\n|turn|3\n|inactive|vsdfvsdf has 30 seconds left.\n|inactive|vsdfvsdf has 20 seconds left.\n|inactive|vsdfvsdf has 15 seconds left.\n|\n|t:|1776315639\n|switch|p2a: Kommo-o|Kommo-o, L50, F|100/100\n|move|p1b: Princess|Accelerock|p2b: Delphox\n|-supereffective|p2b: Delphox|1\n|-damage|p2b: Delphox|0 fnt\n|faint|p2b: Delphox\n|move|p1a: Michael Vick|Brave Bird|p2a: Kommo-o\n|-supereffective|p2a: Kommo-o|1\n|-damage|p2a: Kommo-o|0 fnt\n|faint|p2a: Kommo-o\n|-damage|p1a: Michael Vick|58/100|[from] Recoil\n|\n|upkeep\n|\n|t:|1776315650\n|switch|p2b: Sylveon|Sylveon, L50, F|100/100\n|switch|p2a: Kleavor|Kleavor, L50, M|46/100\n|turn|4\n|\n|t:|1776315667\n|move|p1b: Princess|Accelerock|p2a: Kleavor\n|-supereffective|p2a: Kleavor|1\n|-damage|p2a: Kleavor|0 fnt\n|faint|p2a: Kleavor\n|move|p1a: Michael Vick|Iron Head|p2b: Sylveon\n|-supereffective|p2b: Sylveon|1\n|-damage|p2b: Sylveon|0 fnt\n|faint|p2b: Sylveon\n|\n|win|torterrnite\n|raw|torterrnite's rating: 1136 &rarr; <strong>1166</strong><br />(+30 for winning)\n|raw|vsdfvsdf's rating: 1210 &rarr; <strong>1180</strong><br />(-30 for losing)\n|l|\u2606vsdfvsdf\n|player|p2|\n",
  "uploadtime": 1776315676,
  "views": 25,
  "formatid": "gen9championsvgc2026regma",
  "rating": 1166,
  "private": 0,
  "password": null
}