{
  "id": "gen9championsvgc2026regma-2580566390",
  "format": "[Gen 9 Champions] VGC 2026 Reg M-A",
  "players": [
    "sixthsavior",
    "collateraldamagejr"
  ],
  "log": "|j|\u2606sixthsavior\n|j|\u2606collateraldamagejr\n|t:|1775913553\n|gametype|doubles\n|player|p1|sixthsavior|1|1042\n|player|p2|collateraldamagejr|102|1111\n|gen|9\n|tier|[Gen 9 Champions] VGC 2026 Reg M-A\n|rated|\n|rule|Species Clause: Limit one of each Pok\u00e9mon\n|rule|Item Clause: Limit 1 of each item\n|clearpoke\n|poke|p1|Audino, L50, F|\n|poke|p1|Goodra, L50, M|\n|poke|p1|Incineroar, L50, M|\n|poke|p1|Sinistcha-Masterpiece, L50|\n|poke|p1|Slowking-Galar, L50, F|\n|poke|p1|Banette, L50, M|\n|poke|p2|Froslass, L50, F|\n|poke|p2|Arcanine-Hisui, L50, M|\n|poke|p2|Gyarados, L50, F|\n|poke|p2|Kingambit, L50, M|\n|poke|p2|Hydreigon, L50, F|\n|poke|p2|Mr. Rime, L50, M|\n|teampreview|4\n|\n|t:|1775913617\n|teamsize|p1|4\n|teamsize|p2|4\n|start\n|switch|p1a: Banette|Banette, L50, M|100/100\n|switch|p1b: Audino|Audino, L50, F|100/100\n|switch|p2a: Arcanine|Arcanine-Hisui, L50, M, shiny|100/100\n|switch|p2b: Mr. Rime|Mr. Rime, L50, M|100/100\n|-ability|p2a: Arcanine|Intimidate|boost\n|-unboost|p1a: Banette|atk|1\n|-unboost|p1b: Audino|atk|1\n|-item|p2a: Arcanine|Charcoal|[from] ability: Frisk|[of] p1a: Banette\n|-item|p2b: Mr. Rime|Focus Sash|[from] ability: Frisk|[of] p1a: Banette\n|turn|1\n|inactive|Battle timer is ON: inactive players will automatically lose when time's up. (requested by collateraldamagejr)\n|\n|t:|1775913689\n|detailschange|p1a: Banette|Banette-Mega, L50, M\n|-mega|p1a: Banette|Banette|Banettite\n|move|p2b: Mr. Rime|Fake Out|p1b: Audino\n|-damage|p1b: Audino|93/100\n|move|p2a: Arcanine|Flare Blitz|p1a: Banette\n|-damage|p1a: Banette|0 fnt\n|faint|p1a: Banette\n|-damage|p2a: Arcanine|73/100|[from] Recoil\n|cant|p1b: Audino|flinch\n|\n|upkeep\n|\n|t:|1775913703\n|switch|p1a: Sinistcha|Sinistcha-Masterpiece, L50|100/100\n|-heal|p1b: Audino|100/100|[from] ability: Hospitality|[of] p1a: Sinistcha\n|turn|2\n|\n|t:|1775913711\n|switch|p2a: Kingambit|Kingambit, L50, M, shiny|100/100\n|move|p1a: Sinistcha|Protect|p1a: Sinistcha\n|-singleturn|p1a: Sinistcha|Protect\n|move|p2b: Mr. Rime|Focus Blast|p1b: Audino\n|-supereffective|p1b: Audino|1\n|-damage|p1b: Audino|43/100\n|move|p1b: Audino|Chilling Water|p2a: Kingambit\n|-damage|p2a: Kingambit|92/100\n|-unboost|p2a: Kingambit|atk|1\n|\n|-heal|p2a: Kingambit|98/100|[from] item: Leftovers\n|upkeep\n|turn|3\n|\n|t:|1775913721\n|move|p2a: Kingambit|Sucker Punch|p1a: Sinistcha\n|-supereffective|p1a: Sinistcha|1\n|-damage|p1a: Sinistcha|50/100\n|move|p2b: Mr. Rime|Focus Blast|p1b: Audino\n|-supereffective|p1b: Audino|1\n|-damage|p1b: Audino|0 fnt\n|faint|p1b: Audino\n|move|p1a: Sinistcha|Matcha Gotcha|p2a: Kingambit|[spread] p2a,p2b\n|-resisted|p2a: Kingambit|1\n|-damage|p2a: Kingambit|88/100\n|-heal|p1a: Sinistcha|56/100|[from] drain|[of] p2a: Kingambit\n|-damage|p2b: Mr. Rime|79/100\n|-heal|p1a: Sinistcha|67/100|[from] drain|[of] p2b: Mr. Rime\n|\n|-heal|p1a: Sinistcha|73/100|[from] item: Leftovers\n|-heal|p2a: Kingambit|94/100|[from] item: Leftovers\n|upkeep\n|-message|sixthsavior forfeited.\n|\n|win|collateraldamagejr\n|raw|sixthsavior's rating: 1042 &rarr; <strong>1029</strong><br />(-13 for losing)\n|raw|collateraldamagejr's rating: 1111 &rarr; <strong>1131</strong><br />(+20 for winning)\n|l|\u2606sixthsavior\n|player|p1|\n",
  "uploadtime": 1775913732,
  "views": 11,
  "formatid": "gen9championsvgc2026regma",
  "rating": 1029,
  "private": 0,
  "password": null
}