{
  "id": "gen9championsvgc2026regma-2584643117",
  "format": "[Gen 9 Champions] VGC 2026 Reg M-A",
  "players": [
    "namboyVGC",
    "Ghvgghv"
  ],
  "log": "|j|\u2606namboyVGC\n|j|\u2606Ghvgghv\n|t:|1776274018\n|gametype|doubles\n|player|p1|namboyVGC|pokemonranger-gen4|1027\n|player|p2|Ghvgghv|265|1000\n|gen|9\n|tier|[Gen 9 Champions] VGC 2026 Reg M-A\n|rated|\n|rule|Species Clause: Limit one of each Pok\u00e9mon\n|rule|Item Clause: Limit 1 of each item\n|clearpoke\n|poke|p1|Alakazam, L50, M|\n|poke|p1|Typhlosion-Hisui, L50, M|\n|poke|p1|Whimsicott, L50, M|\n|poke|p1|Meowstic, L50, M|\n|poke|p1|Starmie, L50|\n|poke|p1|Maushold-Four, L50|\n|poke|p2|Hawlucha, L50, F|\n|poke|p2|Bastiodon, L50, M|\n|poke|p2|Sinistcha, L50|\n|poke|p2|Tyranitar, L50, F|\n|poke|p2|Alcremie, L50, F|\n|poke|p2|Absol, L50, M|\n|teampreview|4\n|inactive|Battle timer is ON: inactive players will automatically lose when time's up. (requested by namboyVGC)\nnamboyVGC has agreed to open team sheets.\n|\n|t:|1776274048\n|teamsize|p1|4\n|teamsize|p2|4\n|start\n|switch|p1a: Alakazam|Alakazam, L50, M|100/100\n|switch|p1b: Meowstic|Meowstic, L50, M|100/100\n|switch|p2a: Hawlucha|Hawlucha, L50, F, shiny|100/100\n|switch|p2b: Bastiodon|Bastiodon, L50, M, shiny|100/100\n|turn|1\n|inactive|Ghvgghv has 30 seconds left.\n|\n|t:|1776274079\n|detailschange|p1a: Alakazam|Alakazam-Mega, L50, M\n|-mega|p1a: Alakazam|Alakazam|Alakazite\n|-ability|p1a: Alakazam|Sturdy|Trace|[from] ability: Trace|[of] p2b: Bastiodon\n|detailschange|p2a: Hawlucha|Hawlucha-Mega, L50, F, shiny\n|-mega|p2a: Hawlucha|Hawlucha|Hawluchanite\n|move|p1b: Meowstic|Fake Out|p2b: Bastiodon\n|-resisted|p2b: Bastiodon|2\n|-damage|p2b: Bastiodon|99/100\n|move|p1a: Alakazam|Expanding Force|p2a: Hawlucha\n|-supereffective|p2a: Hawlucha|1\n|-damage|p2a: Hawlucha|0 fnt\n|faint|p2a: Hawlucha\n|cant|p2b: Bastiodon|flinch\n|\n|upkeep\n|-message|Ghvgghv forfeited.\n|\n|win|namboyVGC\n|raw|namboyVGC's rating: 1027 &rarr; <strong>1060</strong><br />(+33 for winning)\n|raw|Ghvgghv's rating: 1000 &rarr; <strong>1000</strong><br />(+0 for losing)\n",
  "uploadtime": 1776274090,
  "views": 19,
  "formatid": "gen9championsvgc2026regma",
  "rating": 1000,
  "private": 0,
  "password": null
}