{
  "id": "gen9championsvgc2026regma-2585639893",
  "format": "[Gen 9 Champions] VGC 2026 Reg M-A",
  "players": [
    "helyo283",
    "winterducky"
  ],
  "log": "|j|\u2606helyo283\n|j|\u2606winterducky\n|t:|1776360607\n|gametype|doubles\n|player|p1|helyo283|101|1148\n|player|p2|winterducky|265|1077\n|gen|9\n|tier|[Gen 9 Champions] VGC 2026 Reg M-A\n|rated|\n|rule|Species Clause: Limit one of each Pok\u00e9mon\n|rule|Item Clause: Limit 1 of each item\n|clearpoke\n|poke|p1|Incineroar, L50, M|\n|poke|p1|Gengar, L50, F|\n|poke|p1|Floette-Eternal, L50, F|\n|poke|p1|Politoed, L50, M|\n|poke|p1|Whimsicott, L50, M|\n|poke|p1|Kommo-o, L50, M|\n|poke|p2|Hawlucha, L50, F|\n|poke|p2|Vanilluxe, L50, F|\n|poke|p2|Espathra, L50, F|\n|poke|p2|Sinistcha, L50|\n|poke|p2|Incineroar, L50, M|\n|poke|p2|Basculegion, L50, M|\n|teampreview|4\n|\n|t:|1776360657\n|teamsize|p1|4\n|teamsize|p2|4\n|start\n|switch|p1a: Gengar|Gengar, L50, F|100/100\n|switch|p1b: Incineroar|Incineroar, L50, M|100/100\n|switch|p2a: Espathra|Espathra, L50, F|100/100\n|switch|p2b: Hawlucha|Hawlucha, L50, F|100/100\n|-ability|p1b: Incineroar|Intimidate|boost\n|-unboost|p2a: Espathra|atk|1\n|-unboost|p2b: Hawlucha|atk|1\n|turn|1\n|\n|t:|1776360678\n|detailschange|p2b: Hawlucha|Hawlucha-Mega, L50, F\n|-mega|p2b: Hawlucha|Hawlucha|Hawluchanite\n|detailschange|p1a: Gengar|Gengar-Mega, L50, F\n|-mega|p1a: Gengar|Gengar|Gengarite\n|move|p1b: Incineroar|Fake Out|p2b: Hawlucha\n|-crit|p2b: Hawlucha\n|-damage|p2b: Hawlucha|84/100\n|move|p1a: Gengar|Perish Song|p1a: Gengar\n|-start|p1a: Gengar|perish3|[silent]\n|-start|p1b: Incineroar|perish3|[silent]\n|-start|p2a: Espathra|perish3|[silent]\n|-start|p2b: Hawlucha|perish3|[silent]\n|-fieldactivate|move: Perish Song\n|cant|p2b: Hawlucha|flinch\n|move|p2a: Espathra|Psychic|p1a: Gengar\n|-supereffective|p1a: Gengar|1\n|-damage|p1a: Gengar|7/100\n|\n|-start|p1a: Gengar|perish3\n|-start|p2b: Hawlucha|perish3\n|-start|p2a: Espathra|perish3\n|-start|p1b: Incineroar|perish3\n|-ability|p2a: Espathra|Speed Boost|boost\n|-boost|p2a: Espathra|spe|1\n|upkeep\n|turn|2\n|\n|t:|1776360701\n|move|p1a: Gengar|Protect|p1a: Gengar\n|-singleturn|p1a: Gengar|Protect\n|move|p1b: Incineroar|Protect|p1b: Incineroar\n|-singleturn|p1b: Incineroar|Protect\n|move|p2a: Espathra|Psychic|p1a: Gengar\n|-activate|p1a: Gengar|move: Protect\n|move|p2b: Hawlucha|Close Combat|p1b: Incineroar\n|-activate|p1b: Incineroar|move: Protect\n|\n|-start|p1a: Gengar|perish2\n|-start|p2a: Espathra|perish2\n|-start|p2b: Hawlucha|perish2\n|-start|p1b: Incineroar|perish2\n|-ability|p2a: Espathra|Speed Boost|boost\n|-boost|p2a: Espathra|spe|1\n|upkeep\n|turn|3\n|inactive|Battle timer is ON: inactive players will automatically lose when time's up. (requested by helyo283)\n|inactive|winterducky has 60 seconds left.\n|\n|t:|1776360770\n|switch|p1a: Politoed|Politoed, L50, M|100/100\n|-weather|RainDance|[from] ability: Drizzle|[of] p1a: Politoed\n|move|p2a: Espathra|Baton Pass|p2a: Espathra\n|\n|t:|1776360777\n|switch|p2a: Vanilluxe|Vanilluxe, L50, F|100/100|[from] Baton Pass\n|-weather|Snowscape|[from] ability: Snow Warning|[of] p2a: Vanilluxe\n|move|p2b: Hawlucha|Close Combat|p1b: Incineroar\n|-supereffective|p1b: Incineroar|1\n|-enditem|p1b: Incineroar|Chople Berry|[eat]\n|-enditem|p1b: Incineroar|Chople Berry|[weaken]\n|-damage|p1b: Incineroar|68/100\n|-unboost|p2b: Hawlucha|def|1\n|-unboost|p2b: Hawlucha|spd|1\n|move|p1b: Incineroar|Parting Shot|p2a: Vanilluxe\n|-unboost|p2a: Vanilluxe|atk|1\n|-unboost|p2a: Vanilluxe|spa|1\n|\n|t:|1776360787\n|switch|p1b: Gengar|Gengar-Mega, L50, F|7/100|[from] Parting Shot\n|\n|-weather|Snowscape|[upkeep]\n|-start|p2a: Vanilluxe|perish1\n|-start|p2b: Hawlucha|perish1\n|upkeep\n|turn|4\n|c|\u2606helyo283|Sheer coold\n|\n|t:|1776360808\n|move|p1b: Gengar|Protect|p1b: Gengar\n|-singleturn|p1b: Gengar|Protect\n|move|p1a: Politoed|Protect|p1a: Politoed\n|-singleturn|p1a: Politoed|Protect\n|move|p2a: Vanilluxe|Aurora Veil|p2a: Vanilluxe\n|-sidestart|p2: winterducky|move: Aurora Veil\n|move|p2b: Hawlucha|Entrainment|p2a: Vanilluxe\n|-ability|p2a: Vanilluxe|No Guard|Snow Warning|[from] move: Entrainment|[of] p2b: Hawlucha\n|\n|-weather|Snowscape|[upkeep]\n|-start|p2a: Vanilluxe|perish0\n|-start|p2b: Hawlucha|perish0\n|faint|p2a: Vanilluxe\n|faint|p2b: Hawlucha\n|upkeep\n|c|\u2606winterducky|oops\n|c|\u2606winterducky|hh\n|c|\u2606winterducky|gg\n|inactive|winterducky has 30 seconds left.\n|-message|winterducky forfeited.\n|\n|win|helyo283\n|raw|helyo283's rating: 1148 &rarr; <strong>1168</strong><br />(+20 for winning)\n|raw|winterducky's rating: 1077 &rarr; <strong>1060</strong><br />(-17 for losing)\n|l|\u2606winterducky\n|player|p2|\n|l|\u2606helyo283\n|player|p1|\n|j|\u2606helyo283\n|player|p1|helyo283|101|\n",
  "uploadtime": 1776360867,
  "views": 19,
  "formatid": "gen9championsvgc2026regma",
  "rating": 1060,
  "private": 0,
  "password": null
}