{
  "id": "gen9championsvgc2026regma-2581485795",
  "format": "[Gen 9 Champions] VGC 2026 Reg M-A",
  "players": [
    "fofo123",
    "amongdripgoku"
  ],
  "log": "|j|\u2606fofo123\n|j|\u2606amongdripgoku\n|t:|1776004888\n|gametype|doubles\n|player|p1|fofo123|266|1000\n|player|p2|amongdripgoku|1|1044\n|gen|9\n|tier|[Gen 9 Champions] VGC 2026 Reg M-A\n|rated|\n|rule|Species Clause: Limit one of each Pok\u00e9mon\n|rule|Item Clause: Limit 1 of each item\n|clearpoke\n|poke|p1|Charizard, L50, F|\n|poke|p1|Venusaur, L50, M|\n|poke|p1|Garchomp, L50, F|\n|poke|p1|Incineroar, L50, F|\n|poke|p1|Sneasler, L50, M|\n|poke|p1|Rotom-Wash, L50|\n|poke|p2|Charizard, L50, M|\n|poke|p2|Venusaur, L50, M|\n|poke|p2|Garchomp, L50, F|\n|poke|p2|Rotom-Wash, L50|\n|poke|p2|Sneasler, L50, F|\n|poke|p2|Incineroar, L50, F|\n|teampreview|4\n|c|\u2606amongdripgoku|oh god damn it\n|\n|t:|1776004936\n|teamsize|p1|4\n|teamsize|p2|4\n|start\n|switch|p1a: Garchomp|Garchomp, L50, F|100/100\n|switch|p1b: Sneasler|Sneasler, L50, M|100/100\n|switch|p2a: Garchomp|Garchomp, L50, F|100/100\n|switch|p2b: Rotom|Rotom-Wash, L50|100/100\n|turn|1\n|inactive|Battle timer is ON: inactive players will automatically lose when time's up. (requested by amongdripgoku)\n|\n|t:|1776004962\n|move|p1b: Sneasler|Fake Out|p2b: Rotom\n|-damage|p2b: Rotom|88/100\n|move|p2a: Garchomp|Earthquake|p1b: Sneasler|[spread] p1a,p1b\n|-immune|p2b: Rotom|[from] ability: Levitate\n|-supereffective|p1b: Sneasler|1\n|-damage|p1a: Garchomp|60/100\n|-damage|p1b: Sneasler|0 fnt\n|faint|p1b: Sneasler\n|move|p1a: Garchomp|Dragon Claw|p2a: Garchomp\n|-supereffective|p2a: Garchomp|1\n|-damage|p2a: Garchomp|6/100\n|-damage|p1a: Garchomp|47/100|[from] ability: Rough Skin|[of] p2a: Garchomp\n|cant|p2b: Rotom|flinch\n|\n|-heal|p2b: Rotom|93/100|[from] item: Leftovers\n|upkeep\n|\n|t:|1776004977\n|switch|p1b: Incineroar|Incineroar, L50, F|100/100\n|-ability|p1b: Incineroar|Intimidate|boost\n|-unboost|p2a: Garchomp|atk|1\n|-unboost|p2b: Rotom|atk|1\n|turn|2\n|inactive|amongdripgoku has 30 seconds left.\n|inactive|amongdripgoku has 20 seconds left.\n|\n|t:|1776005014\n|switch|p2a: Charizard|Charizard, L50, M|100/100\n|move|p1b: Incineroar|Fake Out|p2a: Charizard\n|-damage|p2a: Charizard|79/100\n|move|p1a: Garchomp|Dragon Claw|p2b: Rotom\n|-damage|p2b: Rotom|51/100\n|move|p2b: Rotom|Hydro Pump|p1b: Incineroar\n|-supereffective|p1b: Incineroar|1\n|-damage|p1b: Incineroar|17/100\n|-enditem|p1b: Incineroar|Sitrus Berry|[eat]\n|-heal|p1b: Incineroar|42/100|[from] item: Sitrus Berry\n|\n|-heal|p2b: Rotom|57/100|[from] item: Leftovers\n|upkeep\n|turn|3\n|\n|t:|1776005037\n|move|p2a: Charizard|Protect|p2a: Charizard\n|-singleturn|p2a: Charizard|Protect\n|move|p1a: Garchomp|Dragon Claw|p2a: Charizard\n|-activate|p2a: Charizard|move: Protect\n|move|p2b: Rotom|Hydro Pump|p1b: Incineroar\n|-supereffective|p1b: Incineroar|1\n|-damage|p1b: Incineroar|0 fnt\n|faint|p1b: Incineroar\n|\n|-heal|p2b: Rotom|63/100|[from] item: Leftovers\n|upkeep\n|\n|t:|1776005047\n|switch|p1b: Rotom|Rotom-Wash, L50|100/100\n|turn|4\n|inactive|amongdripgoku has 30 seconds left.\n|-message|fofo123 forfeited.\n|\n|win|amongdripgoku\n|raw|fofo123's rating: 1000 &rarr; <strong>1000</strong><br />(+0 for losing)\n|raw|amongdripgoku's rating: 1044 &rarr; <strong>1073</strong><br />(+29 for winning)\n",
  "uploadtime": 1776005079,
  "views": 14,
  "formatid": "gen9championsvgc2026regma",
  "rating": 1000,
  "private": 0,
  "password": null
}