{
  "id": "gen9championsvgc2026regma-2581642272",
  "format": "[Gen 9 Champions] VGC 2026 Reg M-A",
  "players": [
    "pikachufan7943",
    "outsideisaforest"
  ],
  "log": "|j|\u2606pikachufan7943\n|j|\u2606outsideisaforest\n|t:|1776017357\n|gametype|doubles\n|player|p1|pikachufan7943|pokekid|1317\n|player|p2|outsideisaforest|lady|1362\n|gen|9\n|tier|[Gen 9 Champions] VGC 2026 Reg M-A\n|rated|\n|rule|Species Clause: Limit one of each Pok\u00e9mon\n|rule|Item Clause: Limit 1 of each item\n|clearpoke\n|poke|p1|Garchomp, L50, M|\n|poke|p1|Delphox, L50, M|\n|poke|p1|Aerodactyl, L50, F|\n|poke|p1|Sneasler, L50, M|\n|poke|p1|Aegislash, L50, M|\n|poke|p1|Sinistcha, L50|\n|poke|p2|Aerodactyl, L50, F|\n|poke|p2|Rotom-Wash, L50|\n|poke|p2|Maushold-Four, L50|\n|poke|p2|Lucario, L50, M|\n|poke|p2|Aegislash, L50, F|\n|poke|p2|Arcanine-Hisui, L50, F|\n|teampreview|4\n|inactive|Battle timer is ON: inactive players will automatically lose when time's up. (requested by outsideisaforest)\n|inactive|pikachufan7943 has 60 seconds left.\n|inactive|outsideisaforest has 60 seconds left.\n|inactive|pikachufan7943 has 30 seconds left.\n|inactive|pikachufan7943 has 20 seconds left.\n|inactive|pikachufan7943 has 15 seconds left.\n|j| Therazer456\n|inactive|pikachufan7943 has 10 seconds left.\n|\n|t:|1776017439\n|teamsize|p1|4\n|teamsize|p2|4\n|start\n|switch|p1a: Aegislash|Aegislash, L50, M|100/100\n|switch|p1b: Garchomp|Garchomp, L50, M|100/100\n|switch|p2a: Rotom|Rotom-Wash, L50|100/100\n|switch|p2b: Aerodactyl|Aerodactyl, L50, F|100/100\n|-ability|p2b: Aerodactyl|Unnerve\n|turn|1\n|inactive|pikachufan7943 has 30 seconds left.\n|inactive|pikachufan7943 has 20 seconds left.\n|\n|t:|1776017474\n|switch|p2b: Arcanine|Arcanine-Hisui, L50, F|100/100\n|-ability|p2b: Arcanine|Intimidate|boost\n|-unboost|p1a: Aegislash|atk|1\n|-unboost|p1b: Garchomp|atk|1\n|move|p1b: Garchomp|Rock Slide|p2b: Arcanine|[spread] p2a,p2b\n|-supereffective|p2b: Arcanine|1\n|-damage|p2a: Rotom|90/100\n|-damage|p2b: Arcanine|71/100\n|move|p2a: Rotom|Will-O-Wisp|p1b: Garchomp\n|-status|p1b: Garchomp|brn\n|-enditem|p1b: Garchomp|Lum Berry|[eat]\n|-curestatus|p1b: Garchomp|brn|[msg]\n|-formechange|p1a: Aegislash|Aegislash-Blade|\n|move|p1a: Aegislash|Shadow Ball|p2a: Rotom\n|-damage|p2a: Rotom|42/100\n|-enditem|p2a: Rotom|Sitrus Berry|[eat]\n|-heal|p2a: Rotom|67/100|[from] item: Sitrus Berry\n|\n|upkeep\n|turn|2\n|j| zane121\n|inactive|pikachufan7943 has 30 seconds left.\n|inactive|outsideisaforest has 30 seconds left.\n|inactive|pikachufan7943 has 20 seconds left.\n|inactive|pikachufan7943 has 15 seconds left.\n|inactive|pikachufan7943 has 10 seconds left.\n|\n|t:|1776017523\n|switch|p2b: Aerodactyl|Aerodactyl, L50, F|100/100\n|-ability|p2b: Aerodactyl|Unnerve\n|-formechange|p1a: Aegislash|Aegislash|\n|move|p1a: Aegislash|King's Shield|p1a: Aegislash\n|-singleturn|p1a: Aegislash|Protect\n|move|p1b: Garchomp|Swords Dance|p1b: Garchomp\n|-boost|p1b: Garchomp|atk|2\n|move|p2a: Rotom|Hydro Pump|p1a: Aegislash\n|-activate|p1a: Aegislash|move: Protect\n|\n|upkeep\n|turn|3\n|-message|outsideisaforest forfeited.\n|\n|win|pikachufan7943\n|raw|pikachufan7943's rating: 1317 &rarr; <strong>1340</strong><br />(+23 for winning)\n|raw|outsideisaforest's rating: 1362 &rarr; <strong>1339</strong><br />(-23 for losing)\n|l|\u2606outsideisaforest\n|player|p2|\n|l|\u2606pikachufan7943\n|player|p1|\n|j| gE1xjZRtuhW2DdT0AK\n",
  "uploadtime": 1776017590,
  "views": 44,
  "formatid": "gen9championsvgc2026regma",
  "rating": 1339,
  "private": 0,
  "password": null
}