{
  "id": "gen9championsvgc2026regma-2582577864",
  "format": "[Gen 9 Champions] VGC 2026 Reg M-A",
  "players": [
    "skyltie",
    "thefakephrog"
  ],
  "log": "|j|\u2606skyltie\n|j|\u2606thefakephrog\n|t:|1776100492\n|gametype|doubles\n|player|p1|skyltie|clay|1079\n|player|p2|thefakephrog|supernerd|1078\n|gen|9\n|tier|[Gen 9 Champions] VGC 2026 Reg M-A\n|rated|\n|rule|Species Clause: Limit one of each Pok\u00e9mon\n|rule|Item Clause: Limit 1 of each item\n|clearpoke\n|poke|p1|Golurk, L50|\n|poke|p1|Incineroar, L50, F|\n|poke|p1|Mimikyu, L50, F|\n|poke|p1|Drampa, L50, M|\n|poke|p1|Appletun, L50, M|\n|poke|p1|Volcarona, L50, F|\n|poke|p2|Gardevoir, L50, F|\n|poke|p2|Scizor, L50, F|\n|poke|p2|Whimsicott, L50, F|\n|poke|p2|Basculegion, L50, M|\n|poke|p2|Rotom-Heat, L50|\n|poke|p2|Garchomp, L50, M|\n|teampreview|4\n|\n|t:|1776100515\n|teamsize|p1|4\n|teamsize|p2|4\n|start\n|switch|p1a: Incineroar|Incineroar, L50, F|100/100\n|switch|p1b: Mimikyu|Mimikyu, L50, F|100/100\n|switch|p2a: Garchomp|Garchomp, L50, M|100/100\n|switch|p2b: Rotom|Rotom-Heat, L50|100/100\n|-ability|p1a: Incineroar|Intimidate|boost\n|-unboost|p2a: Garchomp|atk|1\n|-unboost|p2b: Rotom|atk|1\n|turn|1\n|\n|t:|1776100536\n|move|p2a: Garchomp|Protect|p2a: Garchomp\n|-singleturn|p2a: Garchomp|Protect\n|move|p1a: Incineroar|Fake Out|p2a: Garchomp\n|-activate|p2a: Garchomp|move: Protect\n|move|p2b: Rotom|Thunderbolt|p1b: Mimikyu\n|-activate|p1b: Mimikyu|ability: Disguise\n|-damage|p1b: Mimikyu|100/100\n|detailschange|p1b: Mimikyu|Mimikyu-Busted, L50, F\n|-damage|p1b: Mimikyu|88/100|[from] pokemon: Mimikyu-Busted\n|move|p1b: Mimikyu|Trick Room|p1b: Mimikyu\n|-fieldstart|move: Trick Room|[of] p1b: Mimikyu\n|\n|upkeep\n|turn|2\n|\n|t:|1776100551\n|switch|p1b: Appletun|Appletun, L50, M|100/100\n|move|p1a: Incineroar|Parting Shot|p2a: Garchomp\n|-unboost|p2a: Garchomp|atk|1\n|-unboost|p2a: Garchomp|spa|1\n|\n|t:|1776100554\n|switch|p1a: Golurk|Golurk, L50, shiny|100/100|[from] Parting Shot\n|move|p2b: Rotom|Reflect|p2b: Rotom\n|-sidestart|p2: thefakephrog|Reflect\n|move|p2a: Garchomp|Earthquake|p1b: Appletun|[spread] p1a,p1b\n|-immune|p2b: Rotom|[from] ability: Levitate\n|-resisted|p1b: Appletun|1\n|-damage|p1a: Golurk|81/100\n|-damage|p1b: Appletun|91/100\n|\n|upkeep\n|turn|3\n|\n|t:|1776100579\n|detailschange|p1a: Golurk|Golurk-Mega, L50, shiny\n|-mega|p1a: Golurk|Golurk|Golurkite\n|move|p1b: Appletun|Draco Meteor|p2a: Garchomp\n|-supereffective|p2a: Garchomp|1\n|-damage|p2a: Garchomp|0 fnt\n|-unboost|p1b: Appletun|spa|2\n|faint|p2a: Garchomp\n|-enditem|p1b: Appletun|White Herb\n|-clearnegativeboost|p1b: Appletun|[silent]\n|move|p1a: Golurk|Poltergeist|p2b: Rotom\n|-activate|p2b: Rotom|move: Poltergeist|Charcoal\n|-crit|p2b: Rotom\n|-damage|p2b: Rotom|0 fnt\n|faint|p2b: Rotom\n|\n|upkeep\n|\n|t:|1776100593\n|switch|p2b: Basculegion|Basculegion, L50, M|100/100\n|switch|p2a: Gardevoir|Gardevoir, L50, F, shiny|100/100\n|turn|4\n|\n|t:|1776100614\n|detailschange|p2a: Gardevoir|Gardevoir-Mega, L50, F, shiny\n|-mega|p2a: Gardevoir|Gardevoir|Gardevoirite\n|move|p1b: Appletun|Apple Acid|p2b: Basculegion\n|-supereffective|p2b: Basculegion|1\n|-damage|p2b: Basculegion|0 fnt\n|faint|p2b: Basculegion\n|move|p1a: Golurk|Poltergeist|p2a: Gardevoir\n|-activate|p2a: Gardevoir|move: Poltergeist|Gardevoirite\n|-supereffective|p2a: Gardevoir|1\n|-damage|p2a: Gardevoir|0 fnt\n|faint|p2a: Gardevoir\n|\n|win|skyltie\n|raw|skyltie's rating: 1079 &rarr; <strong>1107</strong><br />(+28 for winning)\n|raw|thefakephrog's rating: 1078 &rarr; <strong>1056</strong><br />(-22 for losing)\n",
  "uploadtime": 1776100626,
  "views": 25,
  "formatid": "gen9championsvgc2026regma",
  "rating": 1056,
  "private": 0,
  "password": null
}