{
  "id": "gen9championsvgc2026regma-2584280178",
  "format": "[Gen 9 Champions] VGC 2026 Reg M-A",
  "players": [
    "Bio_Hazz",
    "semix097"
  ],
  "log": "|j|\u2606Bio_Hazz\n|j|\u2606semix097\n|t:|1776246567\n|gametype|doubles\n|player|p1|Bio_Hazz|lucas|1092\n|player|p2|semix097|biker|1014\n|gen|9\n|tier|[Gen 9 Champions] VGC 2026 Reg M-A\n|rated|\n|rule|Species Clause: Limit one of each Pok\u00e9mon\n|rule|Item Clause: Limit 1 of each item\n|clearpoke\n|poke|p1|Crabominable, L50, F|\n|poke|p1|Slowking, L50, M|\n|poke|p1|Incineroar, L50, M|\n|poke|p1|Camerupt, L50, M|\n|poke|p1|Sneasler, L50, F|\n|poke|p1|Hatterene, L50, F|\n|poke|p2|Gardevoir, L50, F|\n|poke|p2|Aegislash, L50, F|\n|poke|p2|Farigiraf, L50, F|\n|poke|p2|Aerodactyl, L50, M|\n|poke|p2|Rotom-Wash, L50|\n|poke|p2|Orthworm, L50, M|\n|teampreview|4\n|inactive|Battle timer is ON: inactive players will automatically lose when time's up. (requested by Bio_Hazz)\n|\n|t:|1776246587\n|teamsize|p1|4\n|teamsize|p2|4\n|start\n|switch|p1a: Incineroar|Incineroar, L50, M|100/100\n|switch|p1b: Slowking|Slowking, L50, M|100/100\n|switch|p2a: Gardevoir|Gardevoir, L50, F, shiny|100/100\n|switch|p2b: Farigiraf|Farigiraf, L50, F|100/100\n|-ability|p2a: Gardevoir|Oblivious|Trace|[from] ability: Trace|[of] p1b: Slowking\n|-ability|p1a: Incineroar|Intimidate|boost\n|-fail|p2a: Gardevoir|unboost|Attack|[from] ability: Oblivious|[of] p2a: Gardevoir\n|-unboost|p2b: Farigiraf|atk|1\n|turn|1\n|\n|t:|1776246604\n|detailschange|p2a: Gardevoir|Gardevoir-Mega, L50, F, shiny\n|-mega|p2a: Gardevoir|Gardevoir|Gardevoirite\n|move|p2a: Gardevoir|Vacuum Wave|p1a: Incineroar\n|-supereffective|p1a: Incineroar|1\n|-damage|p1a: Incineroar|63/100\n|move|p2b: Farigiraf|Hyper Voice|p1b: Slowking|[spread] p1a,p1b\n|-damage|p1a: Incineroar|35/100\n|-damage|p1b: Slowking|75/100\n|move|p1a: Incineroar|Flare Blitz|p2a: Gardevoir\n|-damage|p2a: Gardevoir|0 fnt\n|faint|p2a: Gardevoir\n|-damage|p1a: Incineroar|6/100|[from] Recoil\n|move|p1b: Slowking|Trick Room|p1b: Slowking\n|-fieldstart|move: Trick Room|[of] p1b: Slowking\n|\n|upkeep\n|\n|t:|1776246624\n|switch|p2a: Rotom|Rotom-Wash, L50|100/100\n|turn|2\n|\n|t:|1776246632\n|move|p1b: Slowking|Psychic|p2a: Rotom\n|-damage|p2a: Rotom|60/100\n|move|p1a: Incineroar|Darkest Lariat|p2a: Rotom\n|-damage|p2a: Rotom|3/100\n|move|p2b: Farigiraf|Hyper Voice|p1a: Incineroar|[spread] p1a,p1b\n|-damage|p1a: Incineroar|0 fnt\n|-damage|p1b: Slowking|51/100\n|faint|p1a: Incineroar\n|move|p2a: Rotom|Thunderbolt|p1b: Slowking\n|-supereffective|p1b: Slowking|1\n|-damage|p1b: Slowking|0 fnt\n|faint|p1b: Slowking\n|\n|upkeep\n|\n|t:|1776246639\n|switch|p1b: Hatterene|Hatterene, L50, F|100/100\n|switch|p1a: Camerupt|Camerupt, L50, M|100/100\n|turn|3\n|inactive|semix097 has 30 seconds left.\n|\n|t:|1776246672\n|detailschange|p1a: Camerupt|Camerupt-Mega, L50, M\n|-mega|p1a: Camerupt|Camerupt|Cameruptite\n|move|p1a: Camerupt|Heat Wave|p2b: Farigiraf|[spread] p2b\n|-miss|p1a: Camerupt|p2a: Rotom\n|-damage|p2b: Farigiraf|50/100\n|move|p1b: Hatterene|Dazzling Gleam|p2a: Rotom|[spread] p2a,p2b\n|-damage|p2a: Rotom|0 fnt\n|-damage|p2b: Farigiraf|10/100\n|faint|p2a: Rotom\n|move|p2b: Farigiraf|Trick Room|p2b: Farigiraf\n|-fieldend|move: Trick Room\n|\n|-heal|p2b: Farigiraf|16/100|[from] item: Leftovers\n|upkeep\n|\n|t:|1776246683\n|switch|p2a: Aegislash|Aegislash, L50, F, shiny|100/100\n|turn|4\n|\n|t:|1776246706\n|-formechange|p2a: Aegislash|Aegislash-Blade|\n|move|p2a: Aegislash|Flash Cannon|p1b: Hatterene\n|-supereffective|p1b: Hatterene|1\n|-damage|p1b: Hatterene|5/100\n|move|p2b: Farigiraf|Hyper Voice|p1b: Hatterene|[spread] p1a,p1b\n|-damage|p1a: Camerupt|73/100\n|-damage|p1b: Hatterene|0 fnt\n|faint|p1b: Hatterene\n|move|p1a: Camerupt|Heat Wave|p2a: Aegislash|[spread] p2a,p2b\n|-supereffective|p2a: Aegislash|1\n|-damage|p2a: Aegislash|0 fnt\n|-damage|p2b: Farigiraf|0 fnt\n|faint|p2a: Aegislash\n|faint|p2b: Farigiraf\n|\n|win|Bio_Hazz\n|raw|Bio_Hazz's rating: 1092 &rarr; <strong>1112</strong><br />(+20 for winning)\n|raw|semix097's rating: 1014 &rarr; <strong>1005</strong><br />(-9 for losing)\n",
  "uploadtime": 1776246711,
  "views": 21,
  "formatid": "gen9championsvgc2026regma",
  "rating": 1005,
  "private": 0,
  "password": null
}