{
  "id": "gen9championsvgc2026regma-2580322862",
  "format": "[Gen 9 Champions] VGC 2026 Reg M-A",
  "players": [
    "ereff",
    "eevee1ynn"
  ],
  "log": "|j|\u2606ereff\n|j|\u2606eevee1ynn\n|t:|1775880360\n|gametype|doubles\n|player|p1|ereff|policeman|1028\n|player|p2|eevee1ynn|lass-gen8|1084\n|gen|9\n|tier|[Gen 9 Champions] VGC 2026 Reg M-A\n|rated|\n|rule|Species Clause: Limit one of each Pok\u00e9mon\n|rule|Item Clause: Limit 1 of each item\n|clearpoke\n|poke|p1|Incineroar, L50, M|\n|poke|p1|Farigiraf, L50, F|\n|poke|p1|Torkoal, L50, F|\n|poke|p1|Sinistcha-Masterpiece, L50|\n|poke|p1|Crabominable, L50, M|\n|poke|p1|Raichu, L50, F|\n|poke|p2|Samurott-Hisui, L50, F|\n|poke|p2|Arcanine-Hisui, L50, F|\n|poke|p2|Ninetales-Alola, L50, M|\n|poke|p2|Sneasler, L50, F|\n|poke|p2|Gengar, L50, M|\n|poke|p2|Clefable, L50, M|\n|teampreview|4\n|\n|t:|1775880400\n|teamsize|p1|4\n|teamsize|p2|4\n|start\n|switch|p1a: Farigiraf|Farigiraf, L50, F|100/100\n|switch|p1b: Torkoal|Torkoal, L50, F|100/100\n|switch|p2a: Arcanine|Arcanine-Hisui, L50, F|100/100\n|switch|p2b: Samurott|Samurott-Hisui, L50, F|100/100\n|-ability|p2a: Arcanine|Intimidate|boost\n|-unboost|p1a: Farigiraf|atk|1\n|-unboost|p1b: Torkoal|atk|1\n|-weather|SunnyDay|[from] ability: Drought|[of] p1b: Torkoal\n|turn|1\n|\n|t:|1775880418\n|move|p1b: Torkoal|Protect|p1b: Torkoal\n|-singleturn|p1b: Torkoal|Protect\n|move|p2a: Arcanine|Rock Slide|p1b: Torkoal|[spread] p1a\n|-activate|p1b: Torkoal|move: Protect\n|-damage|p1a: Farigiraf|77/100\n|move|p2b: Samurott|Ceaseless Edge|p1a: Farigiraf\n|-supereffective|p1a: Farigiraf|1\n|-crit|p1a: Farigiraf\n|-damage|p1a: Farigiraf|0 fnt\n|-sidestart|p1: ereff|Spikes\n|faint|p1a: Farigiraf\n|\n|-weather|SunnyDay|[upkeep]\n|upkeep\n|\n|t:|1775880432\n|switch|p1a: Crabominable|Crabominable, L50, M, shiny|100/100\n|-damage|p1a: Crabominable|88/100|[from] Spikes\n|turn|2\n|\n|t:|1775880454\n|detailschange|p1a: Crabominable|Crabominable-Mega, L50, M, shiny\n|-mega|p1a: Crabominable|Crabominable|Crabominite\n|move|p1a: Crabominable|Mach Punch|p2b: Samurott\n|-supereffective|p2b: Samurott|1\n|-damage|p2b: Samurott|33/100\n|move|p2a: Arcanine|Rock Slide|p1b: Torkoal|[spread] p1a,p1b\n|-supereffective|p1b: Torkoal|1\n|-damage|p1a: Crabominable|69/100\n|-damage|p1b: Torkoal|52/100\n|move|p2b: Samurott|Sacred Sword|p1a: Crabominable\n|-supereffective|p1a: Crabominable|1\n|-damage|p1a: Crabominable|5/100\n|move|p1b: Torkoal|Eruption|p2b: Samurott|[spread] p2a,p2b\n|-resisted|p2a: Arcanine|2\n|-resisted|p2b: Samurott|1\n|-damage|p2a: Arcanine|91/100\n|-damage|p2b: Samurott|15/100\n|\n|-weather|SunnyDay|[upkeep]\n|upkeep\n|turn|3\n|\n|t:|1775880475\n|move|p1b: Torkoal|Protect|p1b: Torkoal\n|-singleturn|p1b: Torkoal|Protect\n|move|p2b: Samurott|Sucker Punch|p1a: Crabominable\n|-resisted|p1a: Crabominable|1\n|-damage|p1a: Crabominable|0 fnt\n|faint|p1a: Crabominable\n|move|p2a: Arcanine|Rock Slide|p1b: Torkoal\n|-activate|p1b: Torkoal|move: Protect\n|\n|-weather|SunnyDay|[upkeep]\n|upkeep\n|-message|ereff forfeited.\n|\n|win|eevee1ynn\n|raw|ereff's rating: 1028 &rarr; <strong>1016</strong><br />(-12 for losing)\n|raw|eevee1ynn's rating: 1084 &rarr; <strong>1107</strong><br />(+23 for winning)\n",
  "uploadtime": 1775880484,
  "views": 10,
  "formatid": "gen9championsvgc2026regma",
  "rating": 1016,
  "private": 0,
  "password": null
}