{
  "id": "gen9championsvgc2026regma-2586065062",
  "format": "[Gen 9 Champions] VGC 2026 Reg M-A",
  "players": [
    "disciple of blahaj",
    "bxfbxfbb"
  ],
  "log": "|j|\u2606disciple of blahaj\n|j|\u2606bxfbxfbb\n|t:|1776395277\n|gametype|doubles\n|player|p1|disciple of blahaj|jacinthe|1231\n|player|p2|bxfbxfbb|giovanni|1175\n|gen|9\n|tier|[Gen 9 Champions] VGC 2026 Reg M-A\n|rated|\n|rule|Species Clause: Limit one of each Pok\u00e9mon\n|rule|Item Clause: Limit 1 of each item\n|clearpoke\n|poke|p1|Golurk, L50|\n|poke|p1|Oranguru, L50, F|\n|poke|p1|Hatterene, L50, F|\n|poke|p1|Meowstic, L50, M|\n|poke|p1|Torkoal, L50, M|\n|poke|p1|Aggron, L50, F|\n|poke|p2|Blastoise, L50, F|\n|poke|p2|Farigiraf, L50, F|\n|poke|p2|Incineroar, L50, M|\n|poke|p2|Hatterene, L50, F|\n|poke|p2|Torkoal, L50, F|\n|poke|p2|Kangaskhan, L50, F|\n|teampreview|4\n|inactive|Battle timer is ON: inactive players will automatically lose when time's up. (requested by disciple of blahaj)\n|\n|t:|1776395316\n|teamsize|p1|4\n|teamsize|p2|4\n|start\n|switch|p1a: Oranguru|Oranguru, L50, F|100/100\n|switch|p1b: Torkoal|Torkoal, L50, M|100/100\n|switch|p2a: Farigiraf|Farigiraf, L50, F, shiny|100/100\n|switch|p2b: Kangaskhan|Kangaskhan, L50, F|100/100\n|-weather|SunnyDay|[from] ability: Drought|[of] p1b: Torkoal\n|turn|1\n|inactive|bxfbxfbb has 30 seconds left.\n|inactive|bxfbxfbb has 20 seconds left.\n|inactive|bxfbxfbb has 15 seconds left.\n|inactive|bxfbxfbb has 10 seconds left.\n|\n|t:|1776395365\n|move|p1b: Torkoal|Protect|p1b: Torkoal\n|-singleturn|p1b: Torkoal|Protect\n|move|p2b: Kangaskhan|Giga Impact|p1a: Oranguru\n|-damage|p1a: Oranguru|44/100\n|-mustrecharge|p2b: Kangaskhan\n|move|p1a: Oranguru|Encore|p2b: Kangaskhan\n|-start|p2b: Kangaskhan|Encore\n|move|p2a: Farigiraf|Trick Room|p2a: Farigiraf\n|-fieldstart|move: Trick Room|[of] p2a: Farigiraf\n|\n|-weather|SunnyDay|[upkeep]\n|upkeep\n|turn|2\n|\n|t:|1776395384\n|move|p1b: Torkoal|Eruption|p2b: Kangaskhan|[spread] p2a,p2b\n|-damage|p2a: Farigiraf|19/100\n|-damage|p2b: Kangaskhan|14/100\n|move|p2a: Farigiraf|Psychic Terrain|p2a: Farigiraf\n|-fieldstart|move: Psychic Terrain\n|move|p1a: Oranguru|Instruct|p1b: Torkoal\n|-singleturn|p1b: Torkoal|move: Instruct|[of] p1a: Oranguru\n|move|p1b: Torkoal|Eruption|p2a: Farigiraf|[spread] p2a,p2b\n|-damage|p2a: Farigiraf|0 fnt\n|-damage|p2b: Kangaskhan|0 fnt\n|faint|p2a: Farigiraf\n|faint|p2b: Kangaskhan\n|\n|-weather|SunnyDay|[upkeep]\n|upkeep\n|\n|t:|1776395388\n|switch|p2a: Blastoise|Blastoise, L50, F, shiny|100/100\n|switch|p2b: Incineroar|Incineroar, L50, M, shiny|100/100\n|-ability|p2b: Incineroar|Intimidate|boost\n|-fail|p1a: Oranguru|unboost|Attack|[from] ability: Inner Focus|[of] p1a: Oranguru\n|-unboost|p1b: Torkoal|atk|1\n|turn|3\n|\n|t:|1776395406\n|detailschange|p2a: Blastoise|Blastoise-Mega, L50, F, shiny\n|-mega|p2a: Blastoise|Blastoise|Blastoisinite\n|move|p1b: Torkoal|Eruption|p2a: Blastoise|[spread] p2a,p2b\n|-resisted|p2a: Blastoise|1\n|-resisted|p2b: Incineroar|1\n|-damage|p2a: Blastoise|65/100\n|-damage|p2b: Incineroar|65/100\n|move|p1a: Oranguru|Instruct|p1b: Torkoal\n|-singleturn|p1b: Torkoal|move: Instruct|[of] p1a: Oranguru\n|move|p1b: Torkoal|Eruption|p2a: Blastoise|[spread] p2a,p2b\n|-resisted|p2a: Blastoise|1\n|-resisted|p2b: Incineroar|1\n|-damage|p2a: Blastoise|27/100\n|-damage|p2b: Incineroar|35/100\n|move|p2b: Incineroar|Throat Chop|p1a: Oranguru\n|-supereffective|p1a: Oranguru|1\n|-damage|p1a: Oranguru|0 fnt\n|faint|p1a: Oranguru\n|move|p2a: Blastoise|Water Spout|p1b: Torkoal\n|-supereffective|p1b: Torkoal|1\n|-damage|p1b: Torkoal|69/100\n|\n|-weather|SunnyDay|[upkeep]\n|upkeep\n|-message|bxfbxfbb forfeited.\n|\n|win|disciple of blahaj\n|raw|disciple of blahaj's rating: 1204 &rarr; <strong>1227</strong><br />(+23 for winning)\n|raw|bxfbxfbb's rating: 1175 &rarr; <strong>1152</strong><br />(-23 for losing)\n|l|\u2606bxfbxfbb\n|player|p2|\n",
  "uploadtime": 1776395428,
  "views": 15,
  "formatid": "gen9championsvgc2026regma",
  "rating": 1152,
  "private": 0,
  "password": null
}