{
  "id": "gen9championsvgc2026regma-2584942286",
  "format": "[Gen 9 Champions] VGC 2026 Reg M-A",
  "players": [
    "EDJPP",
    "flamtapshuckle"
  ],
  "log": "|j|\u2606EDJPP\n|j|\u2606flamtapshuckle\n|t:|1776296659\n|gametype|doubles\n|player|p1|EDJPP|volkner|\n|player|p2|flamtapshuckle|tuberf|\n|gen|9\n|tier|[Gen 9 Champions] VGC 2026 Reg M-A\n|rated|Tournament battle\n|rule|Species Clause: Limit one of each Pok\u00e9mon\n|rule|Item Clause: Limit 1 of each item\n|clearpoke\n|poke|p1|Glaceon, L50, M|\n|poke|p1|Froslass, L50, F|\n|poke|p1|Sinistcha, L50|\n|poke|p1|Delphox, L50, M|\n|poke|p1|Gyarados, L50, F|\n|poke|p1|Aegislash, L50, F|\n|poke|p2|Aerodactyl, L50, M|\n|poke|p2|Garchomp, L50, M|\n|poke|p2|Mamoswine, L50, F|\n|poke|p2|Charizard, L50, F|\n|poke|p2|Kingambit, L50, F|\n|poke|p2|Rotom-Wash, L50|\n|teampreview|4\n|inactive|Battle timer is ON: inactive players will automatically lose when time's up. (requested by EDJPP)\n|\n|t:|1776296684\n|teamsize|p1|4\n|teamsize|p2|4\n|start\n|switch|p1a: Froslass|Froslass, L50, F|100/100\n|switch|p1b: Glaceon|Glaceon, L50, M|100/100\n|switch|p2a: Charizard|Charizard, L50, F|100/100\n|switch|p2b: Kingambit|Kingambit, L50, F|100/100\n|turn|1\n|inactive|EDJPP has 30 seconds left.\n|inactive|flamtapshuckle has 30 seconds left.\n|\n|t:|1776296715\n|detailschange|p2a: Charizard|Charizard-Mega-Y, L50, F\n|-mega|p2a: Charizard|Charizard|Charizardite Y\n|-weather|SunnyDay|[from] ability: Drought|[of] p2a: Charizard\n|move|p1a: Froslass|Blizzard|p2b: Kingambit|[spread] \n|-miss|p1a: Froslass|p2a: Charizard\n|-miss|p1a: Froslass|p2b: Kingambit\n|move|p2a: Charizard|Heat Wave|p1b: Glaceon|[spread] p1a,p1b\n|-supereffective|p1a: Froslass|1\n|-supereffective|p1b: Glaceon|1\n|-damage|p1a: Froslass|0 fnt\n|-damage|p1b: Glaceon|0 fnt\n|faint|p1a: Froslass\n|faint|p1b: Glaceon\n|move|p2b: Kingambit|Kowtow Cleave|p1: Froslass|[notarget]\n|-fail|p2b: Kingambit\n|\n|-weather|SunnyDay|[upkeep]\n|upkeep\n|\n|t:|1776296722\n|switch|p1a: Gyarados|Gyarados, L50, F|100/100\n|switch|p1b: Aegislash|Aegislash, L50, F|100/100\n|-ability|p1a: Gyarados|Intimidate|boost\n|-unboost|p2a: Charizard|atk|1\n|-unboost|p2b: Kingambit|atk|1\n|-ability|p2b: Kingambit|Defiant|boost\n|-boost|p2b: Kingambit|atk|2\n|turn|2\n|\n|t:|1776296734\n|move|p1b: Aegislash|King's Shield|p1b: Aegislash\n|-singleturn|p1b: Aegislash|Protect\n|move|p1a: Gyarados|Waterfall|p2a: Charizard\n|-supereffective|p2a: Charizard|1\n|-damage|p2a: Charizard|51/100\n|cant|p2a: Charizard|flinch\n|move|p2b: Kingambit|Kowtow Cleave|p1a: Gyarados\n|-damage|p1a: Gyarados|13/100\n|\n|-weather|SunnyDay|[upkeep]\n|upkeep\n|turn|3\n|\n|t:|1776296748\n|move|p1a: Gyarados|Waterfall|p2a: Charizard\n|-supereffective|p2a: Charizard|1\n|-damage|p2a: Charizard|2/100\n|move|p2a: Charizard|Weather Ball|p1b: Aegislash\n|-supereffective|p1b: Aegislash|1\n|-damage|p1b: Aegislash|0 fnt\n|faint|p1b: Aegislash\n|move|p2b: Kingambit|Kowtow Cleave|p1a: Gyarados\n|-damage|p1a: Gyarados|0 fnt\n|faint|p1a: Gyarados\n|\n|win|flamtapshuckle\n|n|\u2606EDJPP|edjpp\n|n|\u2606flamtapshuckle|flamtapshuckle\n|l|\u2606flamtapshuckle\n|player|p2|\n",
  "uploadtime": 1776296753,
  "views": 17,
  "formatid": "gen9championsvgc2026regma",
  "rating": null,
  "private": 0,
  "password": null
}