{
  "id": "gen9championsvgc2026regma-2588255266",
  "format": "[Gen 9 Champions] VGC 2026 Reg M-A",
  "players": [
    "tearamizuu",
    "YugePower"
  ],
  "log": "|j|\u2606tearamizuu\n|j|\u2606YugePower\n|t:|1776618485\n|gametype|doubles\n|player|p1|tearamizuu|acetrainerf-gen4|1177\n|player|p2|YugePower|1|1212\n|gen|9\n|tier|[Gen 9 Champions] VGC 2026 Reg M-A\n|rated|\n|rule|Species Clause: Limit one of each Pok\u00e9mon\n|rule|Item Clause: Limit 1 of each item\n|clearpoke\n|poke|p1|Pelipper, L50, F|\n|poke|p1|Lucario, L50, M|\n|poke|p1|Milotic, L50, M|\n|poke|p1|Espeon, L50, M|\n|poke|p1|Venusaur, L50, F|\n|poke|p1|Sneasler, L50, M|\n|poke|p2|Corviknight, L50, F|\n|poke|p2|Farigiraf, L50, F|\n|poke|p2|Jolteon, L50, M|\n|poke|p2|Beedrill, L50, M|\n|poke|p2|Empoleon, L50, M|\n|poke|p2|Chandelure, L50, M|\n|teampreview|4\n|inactive|Battle timer is ON: inactive players will automatically lose when time's up. (requested by tearamizuu)\n|inactive|tearamizuu has 60 seconds left.\n|inactive|YugePower has 60 seconds left.\n|inactive|tearamizuu has 30 seconds left.\n|inactive|YugePower has 30 seconds left.\n|inactive|YugePower has 20 seconds left.\n|inactive|YugePower has 15 seconds left.\n|inactive|YugePower has 10 seconds left.\n|inactive|YugePower has 5 seconds left.\n|\n|t:|1776618574\n|teamsize|p1|4\n|teamsize|p2|4\n|start\n|switch|p1a: Espeon|Espeon, L50, M|100/100\n|switch|p1b: Milotic|Milotic, L50, M|100/100\n|switch|p2a: Farigiraf|Farigiraf, L50, F|100/100\n|switch|p2b: Jolteon|Jolteon, L50, M|100/100\n|turn|1\n|inactive|tearamizuu has 30 seconds left.\n|inactive|YugePower has 30 seconds left.\n|inactive|tearamizuu has 20 seconds left.\n|inactive|YugePower has 20 seconds left.\n|inactive|tearamizuu has 15 seconds left.\n|inactive|YugePower has 15 seconds left.\n|inactive|tearamizuu has 10 seconds left.\n|inactive|YugePower has 10 seconds left.\n|inactive|tearamizuu has 5 seconds left.\n|\n|t:|1776618629\n|move|p1b: Milotic|Protect|p1b: Milotic\n|-singleturn|p1b: Milotic|Protect\n|move|p2b: Jolteon|Volt Switch|p1b: Milotic\n|-activate|p1b: Milotic|move: Protect\n|move|p1a: Espeon|Psychic|p2b: Jolteon\n|-damage|p2b: Jolteon|43/100\n|move|p2a: Farigiraf|Hyper Voice|p1b: Milotic|[spread] p1a\n|-activate|p1b: Milotic|move: Protect\n|-damage|p1a: Espeon|62/100\n|\n|upkeep\n|turn|2\n|inactive|tearamizuu has 30 seconds left.\n|inactive|tearamizuu has 20 seconds left.\n|inactive|tearamizuu has 15 seconds left.\n|inactive|tearamizuu has 10 seconds left.\n|inactive|YugePower has 30 seconds left.\n|inactive|tearamizuu has 5 seconds left.\n|\n|t:|1776618684\n|move|p1b: Milotic|Protect|p1b: Milotic\n|-singleturn|p1b: Milotic|Protect\n|move|p2b: Jolteon|Volt Switch|p1b: Milotic\n|-activate|p1b: Milotic|move: Protect\n|move|p1a: Espeon|Psychic|p2b: Jolteon\n|-damage|p2b: Jolteon|0 fnt\n|faint|p2b: Jolteon\n|move|p2a: Farigiraf|Hyper Voice|p1a: Espeon|[spread] p1a\n|-activate|p1b: Milotic|move: Protect\n|-damage|p1a: Espeon|25/100\n|\n|upkeep\n|c|\u2606YugePower|Are you kidding me\n|inactive|YugePower has 30 seconds left.\n|c|\u2606tearamizuu|LOL\n|c|\u2606YugePower|did you just wager the game on getting a double protect?\n|c|\u2606tearamizuu|NO\n|c|\u2606tearamizuu|I WASNT EVEN PLAYING\n|inactive|YugePower has 20 seconds left.\n|c|\u2606tearamizuu|THAT WAS AUTOMATED\n|inactive|YugePower has 15 seconds left.\n|inactive|YugePower has 10 seconds left.\n|-message|YugePower forfeited.\n|\n|win|tearamizuu\n|raw|tearamizuu's rating: 1177 &rarr; <strong>1205</strong><br />(+28 for winning)\n|raw|YugePower's rating: 1212 &rarr; <strong>1184</strong><br />(-28 for losing)\n|l|\u2606YugePower\n|player|p2|\n",
  "uploadtime": 1776618754,
  "views": 23,
  "formatid": "gen9championsvgc2026regma",
  "rating": 1184,
  "private": 0,
  "password": null
}