{
  "id": "gen9championsvgc2026regma-2588443250",
  "format": "[Gen 9 Champions] VGC 2026 Reg M-A",
  "players": [
    "enverhb",
    "1ejuan"
  ],
  "log": "|j|\u2606enverhb\n|j|\u26061ejuan\n|t:|1776633985\n|gametype|doubles\n|player|p1|enverhb|flannery|1209\n|player|p2|1ejuan|170|1253\n|gen|9\n|tier|[Gen 9 Champions] VGC 2026 Reg M-A\n|rated|\n|rule|Species Clause: Limit one of each Pok\u00e9mon\n|rule|Item Clause: Limit 1 of each item\n|clearpoke\n|poke|p1|Azumarill, L50, M|\n|poke|p1|Sinistcha, L50|\n|poke|p1|Glimmora, L50, M|\n|poke|p1|Farigiraf, L50, M|\n|poke|p1|Chesnaught, L50, F|\n|poke|p1|Incineroar, L50, M|\n|poke|p2|Froslass, L50, F|\n|poke|p2|Aerodactyl, L50, F|\n|poke|p2|Sneasler, L50, M|\n|poke|p2|Sinistcha, L50|\n|poke|p2|Gyarados, L50, M|\n|poke|p2|Kingambit, L50, M|\n|teampreview|4\n|\n|t:|1776634011\n|teamsize|p1|4\n|teamsize|p2|4\n|start\n|switch|p1a: Chesnaught|Chesnaught, L50, F|100/100\n|switch|p1b: Farigiraf|Farigiraf, L50, M|100/100\n|switch|p2a: Sinistcha|Sinistcha, L50|100/100\n|switch|p2b: Kingambit|Kingambit, L50, M|100/100\n|turn|1\n|\n|t:|1776634030\n|switch|p2b: Froslass|Froslass, L50, F|100/100\n|detailschange|p1a: Chesnaught|Chesnaught-Mega, L50, F\n|-mega|p1a: Chesnaught|Chesnaught|Chesnaughtite\n|move|p1b: Farigiraf|Protect|p1b: Farigiraf\n|-singleturn|p1b: Farigiraf|Protect\n|move|p2a: Sinistcha|Imprison|p2a: Sinistcha\n|-start|p2a: Sinistcha|move: Imprison\n|move|p1a: Chesnaught|Body Press|p2b: Froslass\n|-immune|p2b: Froslass\n|\n|upkeep\n|turn|2\n|\n|t:|1776634080\n|switch|p1b: Incineroar|Incineroar, L50, M|100/100\n|-ability|p1b: Incineroar|Intimidate|boost\n|-unboost|p2a: Sinistcha|atk|1\n|-unboost|p2b: Froslass|atk|1\n|detailschange|p2b: Froslass|Froslass-Mega, L50, F\n|-mega|p2b: Froslass|Froslass|Froslassite\n|-weather|Snowscape|[from] ability: Snow Warning|[of] p2b: Froslass\n|move|p2a: Sinistcha|Rage Powder|p2a: Sinistcha\n|-singleturn|p2a: Sinistcha|move: Rage Powder\n|move|p2b: Froslass|Blizzard|p1a: Chesnaught|[spread] p1a,p1b\n|-supereffective|p1a: Chesnaught|1\n|-resisted|p1b: Incineroar|1\n|-damage|p1a: Chesnaught|15/100\n|-damage|p1b: Incineroar|75/100\n|move|p1a: Chesnaught|Gyro Ball|p2b: Froslass\n|-supereffective|p2b: Froslass|1\n|-damage|p2b: Froslass|43/100\n|\n|-weather|Snowscape|[upkeep]\n|upkeep\n|turn|3\n|\n|t:|1776634124\n|move|p1a: Chesnaught|Spiky Shield|p1a: Chesnaught\n|-singleturn|p1a: Chesnaught|move: Protect\n|move|p2a: Sinistcha|Rage Powder|p2a: Sinistcha\n|-singleturn|p2a: Sinistcha|move: Rage Powder\n|move|p2b: Froslass|Nasty Plot|p2b: Froslass\n|-boost|p2b: Froslass|spa|2\n|move|p1b: Incineroar|Flare Blitz|p2a: Sinistcha\n|-supereffective|p2a: Sinistcha|1\n|-enditem|p2a: Sinistcha|Occa Berry|[eat]\n|-enditem|p2a: Sinistcha|Occa Berry|[weaken]\n|-damage|p2a: Sinistcha|47/100\n|-damage|p1b: Incineroar|57/100|[from] Recoil\n|\n|-weather|Snowscape|[upkeep]\n|upkeep\n|turn|4\n|\n|t:|1776634148\n|switch|p1a: Azumarill|Azumarill, L50, M|100/100\n|move|p2b: Froslass|Blizzard|p1b: Incineroar|[spread] p1a,p1b\n|-resisted|p1a: Azumarill|1\n|-resisted|p1b: Incineroar|1\n|-damage|p1a: Azumarill|52/100\n|-damage|p1b: Incineroar|9/100\n|move|p2a: Sinistcha|Matcha Gotcha|p1b: Incineroar|[spread] p1a,p1b\n|-supereffective|p1a: Azumarill|1\n|-resisted|p1b: Incineroar|1\n|-damage|p1a: Azumarill|0 fnt\n|-heal|p2a: Sinistcha|76/100|[from] drain|[of] p1a: Azumarill\n|-damage|p1b: Incineroar|0 fnt\n|-heal|p2a: Sinistcha|80/100|[from] drain|[of] p1b: Incineroar\n|faint|p1a: Azumarill\n|faint|p1b: Incineroar\n|\n|-weather|Snowscape|[upkeep]\n|upkeep\n|-message|enverhb forfeited.\n|\n|win|1ejuan\n|raw|enverhb's rating: 1209 &rarr; <strong>1187</strong><br />(-22 for losing)\n|raw|1ejuan's rating: 1253 &rarr; <strong>1275</strong><br />(+22 for winning)\n|l|\u2606enverhb\n|player|p1|\n",
  "uploadtime": 1776634177,
  "views": 13,
  "formatid": "gen9championsvgc2026regma",
  "rating": 1187,
  "private": 0,
  "password": null
}