{
  "id": "gen9championsvgc2026regma-2585680059",
  "format": "[Gen 9 Champions] VGC 2026 Reg M-A",
  "players": [
    "Joyller",
    "Missed Ledgedash"
  ],
  "log": "|j|\u2606Joyller\n|j|\u2606Missed Ledgedash\n|t:|1776363273\n|gametype|doubles\n|player|p1|Joyller|266|1103\n|player|p2|Missed Ledgedash|juan-gen3|1174\n|gen|9\n|tier|[Gen 9 Champions] VGC 2026 Reg M-A\n|rated|\n|rule|Species Clause: Limit one of each Pok\u00e9mon\n|rule|Item Clause: Limit 1 of each item\n|clearpoke\n|poke|p1|Pelipper, L50, M|\n|poke|p1|Archaludon, L50, M|\n|poke|p1|Meganium, L50, M|\n|poke|p1|Sinistcha, L50|\n|poke|p1|Sneasler, L50, M|\n|poke|p1|Kingambit, L50, M|\n|poke|p2|Incineroar, L50, F|\n|poke|p2|Gengar, L50, M|\n|poke|p2|Gyarados, L50, F|\n|poke|p2|Tyranitar, L50, M|\n|poke|p2|Sneasler, L50, F|\n|poke|p2|Excadrill, L50, F|\n|teampreview|4\n|inactive|Battle timer is ON: inactive players will automatically lose when time's up. (requested by Joyller)\nJoyller has agreed to open team sheets.\n|\n|t:|1776363334\n|teamsize|p1|4\n|teamsize|p2|4\n|start\n|switch|p1a: Kingambit|Kingambit, L50, M|100/100\n|switch|p1b: Pelipper|Pelipper, L50, M|100/100\n|switch|p2a: Gengar|Gengar, L50, M|100/100\n|switch|p2b: Sneasler|Sneasler, L50, F|100/100\n|-weather|RainDance|[from] ability: Drizzle|[of] p1b: Pelipper\n|turn|1\n|\n|t:|1776363355\n|switch|p2a: Tyranitar|Tyranitar, L50, M|100/100\n|-weather|Sandstorm|[from] ability: Sand Stream|[of] p2a: Tyranitar\n|move|p1a: Kingambit|Protect|p1a: Kingambit\n|-singleturn|p1a: Kingambit|Protect\n|move|p2b: Sneasler|Fake Out|p1b: Pelipper\n|-damage|p1b: Pelipper|86/100\n|cant|p1b: Pelipper|flinch\n|\n|-weather|Sandstorm|[upkeep]\n|-damage|p2b: Sneasler|95/100|[from] Sandstorm\n|-damage|p1b: Pelipper|80/100|[from] Sandstorm\n|upkeep\n|turn|2\n|inactive|Joyller has 30 seconds left.\n|\n|t:|1776363383\n|switch|p1b: Meganium|Meganium, L50, M|100/100\n|switch|p1a: Sinistcha|Sinistcha, L50|100/100\n|move|p2b: Sneasler|Close Combat|p1a: Sinistcha\n|-immune|p1a: Sinistcha\n|move|p2a: Tyranitar|Rock Slide|p1b: Meganium|[spread] p1b\n|-miss|p2a: Tyranitar|p1a: Sinistcha\n|-damage|p1b: Meganium|72/100\n|\n|-weather|Sandstorm|[upkeep]\n|-damage|p2b: Sneasler|89/100|[from] Sandstorm\n|-damage|p1b: Meganium|66/100|[from] Sandstorm\n|-damage|p1a: Sinistcha|94/100|[from] Sandstorm\n|upkeep\n|turn|3\n|\n|t:|1776363398\n|switch|p1b: Pelipper|Pelipper, L50, M|80/100\n|-weather|RainDance|[from] ability: Drizzle|[of] p1b: Pelipper\n|move|p1a: Sinistcha|Rage Powder|p1a: Sinistcha\n|-singleturn|p1a: Sinistcha|move: Rage Powder\n|move|p2b: Sneasler|Dire Claw|p1a: Sinistcha\n|-damage|p1a: Sinistcha|57/100\n|-status|p1a: Sinistcha|psn\n|move|p2a: Tyranitar|Rock Slide|p1b: Pelipper|[spread] p1a,p1b\n|-supereffective|p1b: Pelipper|1\n|-damage|p1a: Sinistcha|25/100 psn\n|-damage|p1b: Pelipper|15/100\n|-enditem|p1a: Sinistcha|Sitrus Berry|[eat]\n|-heal|p1a: Sinistcha|49/100 psn|[from] item: Sitrus Berry\n|\n|-weather|RainDance|[upkeep]\n|-damage|p1a: Sinistcha|37/100 psn|[from] psn\n|upkeep\n|turn|4\n|\n|t:|1776363429\n|detailschange|p2a: Tyranitar|Tyranitar-Mega, L50, M\n|-mega|p2a: Tyranitar|Tyranitar|Tyranitarite\n|-weather|Sandstorm|[from] ability: Sand Stream|[of] p2a: Tyranitar\n|move|p2b: Sneasler|Dire Claw|p1b: Pelipper\n|-damage|p1b: Pelipper|0 fnt\n|faint|p1b: Pelipper\n|move|p2a: Tyranitar|Rock Slide|p1a: Sinistcha\n|-damage|p1a: Sinistcha|0 fnt\n|faint|p1a: Sinistcha\n|\n|-weather|Sandstorm|[upkeep]\n|-damage|p2b: Sneasler|83/100|[from] Sandstorm\n|upkeep\n|-message|Joyller forfeited.\n|\n|win|Missed Ledgedash\n|raw|Joyller's rating: 1103 &rarr; <strong>1083</strong><br />(-20 for losing)\n|raw|Missed Ledgedash's rating: 1174 &rarr; <strong>1194</strong><br />(+20 for winning)\n",
  "uploadtime": 1776363435,
  "views": 18,
  "formatid": "gen9championsvgc2026regma",
  "rating": 1083,
  "private": 0,
  "password": null
}