{
  "id": "gen9championsvgc2026regma-2587785001",
  "format": "[Gen 9 Champions] VGC 2026 Reg M-A",
  "players": [
    "vanthoci",
    "Fairy Juice Jay"
  ],
  "log": "|j|\u2606vanthoci\n|j|\u2606Fairy Juice Jay\n|t:|1776563743\n|gametype|doubles\n|player|p1|vanthoci|liko|1426\n|player|p2|Fairy Juice Jay|burgh-masters|1416\n|gen|9\n|tier|[Gen 9 Champions] VGC 2026 Reg M-A\n|rated|\n|rule|Species Clause: Limit one of each Pok\u00e9mon\n|rule|Item Clause: Limit 1 of each item\n|clearpoke\n|poke|p1|Scizor, L50, M|\n|poke|p1|Dragonite, L50, M|\n|poke|p1|Archaludon, L50, M|\n|poke|p1|Sneasler, L50, M|\n|poke|p1|Basculegion, L50, M|\n|poke|p1|Pelipper, L50, F|\n|poke|p2|Tyranitar, L50, F|\n|poke|p2|Lopunny, L50, M|\n|poke|p2|Rotom-Wash, L50|\n|poke|p2|Aegislash, L50, M|\n|poke|p2|Clefable, L50, F|\n|poke|p2|Talonflame, L50, M|\n|teampreview|4\n|inactive|Battle timer is ON: inactive players will automatically lose when time's up. (requested by Fairy Juice Jay)\n|inactive|vanthoci has 60 seconds left.\n|inactive|Fairy Juice Jay has 60 seconds left.\n|\n|t:|1776563790\n|teamsize|p1|4\n|teamsize|p2|4\n|start\n|switch|p1a: Basculegion|Basculegion, L50, M|100/100\n|switch|p1b: Scizor|Scizor, L50, M|100/100\n|switch|p2a: Reginald|Lopunny, L50, M|100/100\n|switch|p2b: Zippy|Rotom-Wash, L50|100/100\n|turn|1\n|inactive|vanthoci has 30 seconds left.\n|\n|t:|1776563819\n|switch|p1a: Archaludon|Archaludon, L50, M|100/100\n|detailschange|p2a: Reginald|Lopunny-Mega, L50, M\n|-mega|p2a: Reginald|Lopunny|Lopunnite\n|detailschange|p1b: Scizor|Scizor-Mega, L50, M\n|-mega|p1b: Scizor|Scizor|Scizorite\n|move|p2a: Reginald|Fake Out|p1a: Archaludon\n|-resisted|p1a: Archaludon|1\n|-damage|p1a: Archaludon|93/100\n|-ability|p1a: Archaludon|Stamina|boost\n|-boost|p1a: Archaludon|def|1\n|move|p2b: Zippy|Electroweb|p1a: Archaludon|[spread] p1a,p1b\n|-resisted|p1a: Archaludon|1\n|-damage|p1a: Archaludon|86/100\n|-damage|p1b: Scizor|86/100\n|-unboost|p1a: Archaludon|spe|1\n|-unboost|p1b: Scizor|spe|1\n|-ability|p1a: Archaludon|Stamina|boost\n|-boost|p1a: Archaludon|def|1\n|move|p1b: Scizor|Swords Dance|p1b: Scizor\n|-boost|p1b: Scizor|atk|2\n|\n|-heal|p1a: Archaludon|92/100|[from] item: Leftovers\n|upkeep\n|turn|2\n|\n|t:|1776563841\n|switch|p2a: Aegislash|Aegislash, L50, M|100/100\n|move|p2b: Zippy|Will-O-Wisp|p1b: Scizor|[miss]\n|-miss|p2b: Zippy|p1b: Scizor\n|move|p1a: Archaludon|Flash Cannon|p2a: Aegislash\n|-resisted|p2a: Aegislash|1\n|-damage|p2a: Aegislash|86/100\n|move|p1b: Scizor|Bug Bite|p2b: Zippy\n|-crit|p2b: Zippy\n|-damage|p2b: Zippy|0 fnt\n|-enditem|p2b: Zippy|Sitrus Berry|[from] stealeat|[move] Bug Bite|[of] p1b: Scizor\n|-heal|p1b: Scizor|100/100|[from] item: Sitrus Berry\n|faint|p2b: Zippy\n|\n|-heal|p1a: Archaludon|98/100|[from] item: Leftovers\n|upkeep\n|-message|Fairy Juice Jay forfeited.\n|\n|win|vanthoci\n|raw|vanthoci's rating: 1426 &rarr; <strong>1445</strong><br />(+19 for winning)\n|raw|Fairy Juice Jay's rating: 1416 &rarr; <strong>1397</strong><br />(-19 for losing)\n|l|\u2606Fairy Juice Jay\n|player|p2|\n|l|\u2606vanthoci\n|player|p1|\n",
  "uploadtime": 1776563881,
  "views": 15,
  "formatid": "gen9championsvgc2026regma",
  "rating": 1397,
  "private": 0,
  "password": null
}