{
  "id": "gen9championsvgc2026regma-2585641399",
  "format": "[Gen 9 Champions] VGC 2026 Reg M-A",
  "players": [
    "testdigi",
    "Xtreme diarheaa"
  ],
  "log": "|j|\u2606testdigi\n|j|\u2606Xtreme diarheaa\n|t:|1776360701\n|gametype|doubles\n|player|p1|testdigi|170|1111\n|player|p2|Xtreme diarheaa|shadowtriad|1087\n|gen|9\n|tier|[Gen 9 Champions] VGC 2026 Reg M-A\n|rated|\n|rule|Species Clause: Limit one of each Pok\u00e9mon\n|rule|Item Clause: Limit 1 of each item\n|clearpoke\n|poke|p1|Mimikyu, L50, F|\n|poke|p1|Floette-Eternal, L50, F|\n|poke|p1|Sneasler, L50, M|\n|poke|p1|Incineroar, L50, M|\n|poke|p1|Tyranitar, L50, F|\n|poke|p1|Corviknight, L50, F|\n|poke|p2|Umbreon, L50, F|\n|poke|p2|Spiritomb, L50, F|\n|poke|p2|Tyranitar, L50, M|\n|poke|p2|Kingambit, L50, F|\n|poke|p2|Sableye, L50, F|\n|poke|p2|Gyarados, L50, F|\n|teampreview|4\n|\n|t:|1776360750\n|teamsize|p1|4\n|teamsize|p2|4\n|start\n|switch|p1a: Sneasler|Sneasler, L50, M, shiny|100/100\n|switch|p1b: Floette|Floette-Eternal, L50, F, shiny|100/100\n|switch|p2a: Sableye|Sableye, L50, F|100/100\n|switch|p2b: Tyranitar|Tyranitar, L50, M|100/100\n|-weather|Sandstorm|[from] ability: Sand Stream|[of] p2b: Tyranitar\n|turn|1\n|\n|t:|1776360772\n|switch|p2b: Spiritomb|Spiritomb, L50, F|100/100\n|detailschange|p1b: Floette|Floette-Mega, L50, F, shiny\n|-mega|p1b: Floette|Floette|Floettite\n|-ability|p1b: Floette|Fairy Aura\n|move|p2a: Sableye|Will-O-Wisp|p1a: Sneasler\n|-status|p1a: Sneasler|brn\n|move|p1a: Sneasler|Close Combat|p2b: Spiritomb\n|-immune|p2b: Spiritomb\n|move|p1b: Floette|Dazzling Gleam|p2a: Sableye|[spread] p2a,p2b\n|-supereffective|p2a: Sableye|1\n|-supereffective|p2b: Spiritomb|1\n|-damage|p2a: Sableye|0 fnt\n|-damage|p2b: Spiritomb|24/100\n|faint|p2a: Sableye\n|\n|-weather|Sandstorm|[upkeep]\n|-damage|p1a: Sneasler|95/100 brn|[from] Sandstorm\n|-damage|p1b: Floette|94/100|[from] Sandstorm\n|-damage|p2b: Spiritomb|18/100|[from] Sandstorm\n|-heal|p2b: Spiritomb|24/100|[from] item: Leftovers\n|-damage|p1a: Sneasler|89/100 brn|[from] brn\n|upkeep\n|\n|t:|1776360789\n|switch|p2a: Kingambit|Kingambit, L50, F|100/100\n|turn|2\n|\n|t:|1776360804\n|move|p1a: Sneasler|Close Combat|p2a: Kingambit\n|-supereffective|p2a: Kingambit|2\n|-damage|p2a: Kingambit|18/100\n|-unboost|p1a: Sneasler|def|1\n|-unboost|p1a: Sneasler|spd|1\n|-enditem|p1a: Sneasler|White Herb\n|-clearnegativeboost|p1a: Sneasler|[silent]\n|move|p1b: Floette|Dazzling Gleam|p2a: Kingambit|[spread] p2a,p2b\n|-supereffective|p2b: Spiritomb|1\n|-damage|p2a: Kingambit|0 fnt\n|-damage|p2b: Spiritomb|0 fnt\n|faint|p2a: Kingambit\n|faint|p2b: Spiritomb\n|\n|-weather|Sandstorm|[upkeep]\n|-damage|p1a: Sneasler|83/100 brn|[from] Sandstorm\n|-damage|p1b: Floette|88/100|[from] Sandstorm\n|-damage|p1a: Sneasler|77/100 brn|[from] brn\n|upkeep\n|l|\u2606Xtreme diarheaa\n|player|p2|\n|inactive|Battle timer is ON: inactive players will automatically lose when time's up. (requested by testdigi)\n|inactive|Xtreme diarheaa has 30 seconds to reconnect!\n|inactive|Xtreme diarheaa has 20 seconds to reconnect!\n|inactive|Xtreme diarheaa has 15 seconds to reconnect!\n|inactive|Xtreme diarheaa has 10 seconds to reconnect!\n|inactive|Xtreme diarheaa has 5 seconds to reconnect!\n|-message|Xtreme diarheaa lost due to inactivity.\n|\n|win|testdigi\n",
  "uploadtime": 1776360704,
  "views": 17,
  "formatid": "gen9championsvgc2026regma",
  "rating": null,
  "private": 0,
  "password": null
}