{
  "id": "gen9championsvgc2026regma-2584220470",
  "format": "[Gen 9 Champions] VGC 2026 Reg M-A",
  "players": [
    "LitteNinja",
    "prawnwizard"
  ],
  "log": "|j|\u2606LitteNinja\n|j|\u2606prawnwizard\n|t:|1776239790\n|gametype|doubles\n|player|p1|LitteNinja|2|1322\n|player|p2|prawnwizard|harlequin|1343\n|gen|9\n|tier|[Gen 9 Champions] VGC 2026 Reg M-A\n|rated|\n|rule|Species Clause: Limit one of each Pok\u00e9mon\n|rule|Item Clause: Limit 1 of each item\n|clearpoke\n|poke|p1|Tyranitar, L50, M|\n|poke|p1|Excadrill, L50, M|\n|poke|p1|Meganium, L50, M|\n|poke|p1|Volcarona, L50, M|\n|poke|p1|Basculegion, L50, M|\n|poke|p1|Corviknight, L50, F|\n|poke|p2|Blastoise, L50, M|\n|poke|p2|Kingambit, L50, F|\n|poke|p2|Aerodactyl, L50, F|\n|poke|p2|Kangaskhan, L50, F|\n|poke|p2|Farigiraf, L50, F|\n|poke|p2|Sinistcha, L50|\n|teampreview|4\n|inactive|Battle timer is ON: inactive players will automatically lose when time's up. (requested by prawnwizard)\n|inactive|LitteNinja also wants the timer to be on.\n|\n|t:|1776239820\n|teamsize|p1|4\n|teamsize|p2|4\n|start\n|switch|p1a: Tyranitar|Tyranitar, L50, M|100/100\n|switch|p1b: Corviknight|Corviknight, L50, F|100/100\n|switch|p2a: Blastoise|Blastoise, L50, M|100/100\n|switch|p2b: Kangaskhan|Kangaskhan, L50, F|100/100\n|-weather|Sandstorm|[from] ability: Sand Stream|[of] p1a: Tyranitar\n|turn|1\n|\n|t:|1776239837\n|detailschange|p2a: Blastoise|Blastoise-Mega, L50, M\n|-mega|p2a: Blastoise|Blastoise|Blastoisinite\n|move|p1a: Tyranitar|Protect|p1a: Tyranitar\n|-singleturn|p1a: Tyranitar|Protect\n|move|p2b: Kangaskhan|Fake Out|p1b: Corviknight\n|-resisted|p1b: Corviknight|1\n|-crit|p1b: Corviknight\n|-damage|p1b: Corviknight|89/100\n|move|p2a: Blastoise|Water Spout|p1a: Tyranitar|[spread] p1b\n|-activate|p1a: Tyranitar|move: Protect\n|-damage|p1b: Corviknight|18/100\n|cant|p1b: Corviknight|flinch\n|\n|-weather|Sandstorm|[upkeep]\n|-damage|p2b: Kangaskhan|94/100|[from] Sandstorm\n|-damage|p2a: Blastoise|95/100|[from] Sandstorm\n|-heal|p1b: Corviknight|24/100|[from] item: Leftovers\n|upkeep\n|turn|2\n|inactive|LitteNinja has 30 seconds left.\n|\n|t:|1776239869\n|detailschange|p1a: Tyranitar|Tyranitar-Mega, L50, M\n|-mega|p1a: Tyranitar|Tyranitar|Tyranitarite\n|move|p1a: Tyranitar|Superpower|p2a: Blastoise\n|-damage|p2a: Blastoise|56/100\n|-unboost|p1a: Tyranitar|atk|1\n|-unboost|p1a: Tyranitar|def|1\n|move|p2b: Kangaskhan|Last Resort|p1a: Tyranitar\n|-resisted|p1a: Tyranitar|1\n|-damage|p1a: Tyranitar|64/100\n|move|p2a: Blastoise|Water Spout|p1a: Tyranitar|[spread] p1a,p1b\n|-supereffective|p1a: Tyranitar|1\n|-damage|p1a: Tyranitar|27/100\n|-damage|p1b: Corviknight|0 fnt\n|faint|p1b: Corviknight\n|\n|-weather|Sandstorm|[upkeep]\n|-damage|p2b: Kangaskhan|88/100|[from] Sandstorm\n|-damage|p2a: Blastoise|50/100|[from] Sandstorm\n|upkeep\n|j| Syachilove0408\n|\n|t:|1776239881\n|switch|p1b: Meganium|Meganium, L50, M|100/100\n|turn|3\n|-message|LitteNinja forfeited.\n|\n|win|prawnwizard\n|raw|LitteNinja's rating: 1322 &rarr; <strong>1303</strong><br />(-19 for losing)\n|raw|prawnwizard's rating: 1343 &rarr; <strong>1362</strong><br />(+19 for winning)\n|l|\u2606LitteNinja\n|player|p1|\n|l|\u2606prawnwizard\n|player|p2|\n",
  "uploadtime": 1776239997,
  "views": 27,
  "formatid": "gen9championsvgc2026regma",
  "rating": 1303,
  "private": 0,
  "password": null
}