{
  "id": "gen9championsvgc2026regma-2580795475",
  "format": "[Gen 9 Champions] VGC 2026 Reg M-A",
  "players": [
    "mimikyutie778",
    "jshdlhdslfha"
  ],
  "log": "|j|\u2606mimikyutie778\n|j|\u2606jshdlhdslfha\n|t:|1775933119\n|gametype|doubles\n|player|p1|mimikyutie778|miku-water|1055\n|player|p2|jshdlhdslfha|170|1000\n|gen|9\n|tier|[Gen 9 Champions] VGC 2026 Reg M-A\n|rated|\n|rule|Species Clause: Limit one of each Pok\u00e9mon\n|rule|Item Clause: Limit 1 of each item\n|clearpoke\n|poke|p1|Starmie, L50|\n|poke|p1|Dragapult, L50, F|\n|poke|p1|Archaludon, L50, F|\n|poke|p1|Pelipper, L50, M|\n|poke|p1|Sneasler, L50, F|\n|poke|p1|Tsareena, L50, F|\n|poke|p2|Scizor, L50, F|\n|poke|p2|Milotic, L50, F|\n|poke|p2|Incineroar, L50, F|\n|poke|p2|Aerodactyl, L50, M|\n|poke|p2|Maushold-Four, L50|\n|poke|p2|Farigiraf, L50, F|\n|teampreview|4\n|inactive|Battle timer is ON: inactive players will automatically lose when time's up. (requested by jshdlhdslfha)\n|\n|t:|1775933163\n|teamsize|p1|4\n|teamsize|p2|4\n|start\n|switch|p1a: fih|Starmie, L50|100/100\n|switch|p1b: Girlwinner|Tsareena, L50, F|100/100\n|switch|p2a: Incineroar|Incineroar, L50, F|100/100\n|switch|p2b: Scizor|Scizor, L50, F|100/100\n|-ability|p2a: Incineroar|Intimidate|boost\n|-unboost|p1a: fih|atk|1\n|-unboost|p1b: Girlwinner|atk|1\n|turn|1\n|\n|t:|1775933187\n|switch|p1b: Woke Dog|Pelipper, L50, M|100/100\n|-weather|RainDance|[from] ability: Drizzle|[of] p1b: Woke Dog\n|switch|p2a: Maushold|Maushold-Four, L50|100/100\n|detailschange|p1a: fih|Starmie-Mega, L50\n|-mega|p1a: fih|Starmie|Starminite\n|detailschange|p2b: Scizor|Scizor-Mega, L50, F\n|-mega|p2b: Scizor|Scizor|Scizorite\n|move|p1a: fih|Flip Turn|p2b: Scizor\n|-damage|p2b: Scizor|69/100\n|\n|t:|1775933199\n|switch|p1a: Key Bridge|Archaludon, L50, F|100/100|[from] Flip Turn\n|move|p2b: Scizor|Bug Bite|p1a: Key Bridge\n|-resisted|p1a: Key Bridge|1\n|-damage|p1a: Key Bridge|80/100\n|-ability|p1a: Key Bridge|Stamina|boost\n|-boost|p1a: Key Bridge|def|1\n|\n|-weather|RainDance|[upkeep]\n|-heal|p1a: Key Bridge|86/100|[from] item: Leftovers\n|upkeep\n|turn|2\n|\n|t:|1775933221\n|move|p2b: Scizor|Protect|p2b: Scizor\n|-singleturn|p2b: Scizor|Protect\n|move|p2a: Maushold|Super Fang|p1a: Key Bridge\n|-damage|p1a: Key Bridge|44/100\n|-ability|p1a: Key Bridge|Stamina|boost\n|-boost|p1a: Key Bridge|def|1\n|move|p1a: Key Bridge|Electro Shot||[still]\n|-prepare|p1a: Key Bridge|Electro Shot\n|-boost|p1a: Key Bridge|spa|1\n|-anim|p1a: Key Bridge|Electro Shot|p2b: Scizor\n|-activate|p2b: Scizor|move: Protect\n|move|p1b: Woke Dog|Muddy Water|p2a: Maushold|[spread] p2a\n|-activate|p2b: Scizor|move: Protect\n|-damage|p2a: Maushold|57/100\n|\n|-weather|RainDance|[upkeep]\n|-heal|p1a: Key Bridge|50/100|[from] item: Leftovers\n|upkeep\n|turn|3\n|\n|t:|1775933241\n|switch|p2b: Incineroar|Incineroar, L50, F|100/100\n|-ability|p2b: Incineroar|Intimidate|boost\n|-unboost|p1a: Key Bridge|atk|1\n|-unboost|p1b: Woke Dog|atk|1\n|move|p2a: Maushold|Super Fang|p1a: Key Bridge|[miss]\n|-miss|p2a: Maushold|p1a: Key Bridge\n|move|p1a: Key Bridge|Electro Shot||[still]\n|-prepare|p1a: Key Bridge|Electro Shot\n|-boost|p1a: Key Bridge|spa|1\n|-anim|p1a: Key Bridge|Electro Shot|p2a: Maushold\n|-damage|p2a: Maushold|0 fnt\n|faint|p2a: Maushold\n|move|p1b: Woke Dog|Tailwind|p1b: Woke Dog\n|-sidestart|p1: mimikyutie778|move: Tailwind\n|\n|-weather|RainDance|[upkeep]\n|-heal|p1a: Key Bridge|56/100|[from] item: Leftovers\n|upkeep\n|-message|jshdlhdslfha forfeited.\n|\n|win|mimikyutie778\n|raw|mimikyutie778's rating: 1055 &rarr; <strong>1082</strong><br />(+27 for winning)\n|raw|jshdlhdslfha's rating: 1000 &rarr; <strong>1000</strong><br />(+0 for losing)\n|l|\u2606jshdlhdslfha\n|player|p2|\n",
  "uploadtime": 1775933262,
  "views": 16,
  "formatid": "gen9championsvgc2026regma",
  "rating": 1000,
  "private": 0,
  "password": null
}