{
  "id": "gen9championsvgc2026regma-2581163309",
  "format": "[Gen 9 Champions] VGC 2026 Reg M-A",
  "players": [
    "lolgz",
    "lloni"
  ],
  "log": "|j|\u2606lolgz\n|j|\u2606lloni\n|t:|1775966030\n|gametype|doubles\n|player|p1|lolgz|170|1203\n|player|p2|lloni|iris-gen5bw2|1116\n|gen|9\n|tier|[Gen 9 Champions] VGC 2026 Reg M-A\n|rated|\n|rule|Species Clause: Limit one of each Pok\u00e9mon\n|rule|Item Clause: Limit 1 of each item\n|clearpoke\n|poke|p1|Gengar, L50, F|\n|poke|p1|Whimsicott, L50, M|\n|poke|p1|Dragonite, L50, F|\n|poke|p1|Farigiraf, L50, F|\n|poke|p1|Sneasler, L50, M|\n|poke|p1|Floette-Eternal, L50, F|\n|poke|p2|Garchomp, L50, F|\n|poke|p2|Tyranitar, L50, F|\n|poke|p2|Aegislash, L50, M|\n|poke|p2|Milotic, L50, M|\n|poke|p2|Rotom-Heat, L50|\n|poke|p2|Delphox, L50, F|\n|teampreview|4\n|inactive|Battle timer is ON: inactive players will automatically lose when time's up. (requested by lloni)\n|\n|t:|1775966055\n|teamsize|p1|4\n|teamsize|p2|4\n|start\n|switch|p1a: Whimsicott|Whimsicott, L50, M|100/100\n|switch|p1b: Floette|Floette-Eternal, L50, F|100/100\n|switch|p2a: Delphox|Delphox, L50, F|100/100\n|switch|p2b: Garchomp|Garchomp, L50, F|100/100\n|turn|1\n|\n|t:|1775966069\n|detailschange|p2a: Delphox|Delphox-Mega, L50, F\n|-mega|p2a: Delphox|Delphox|Delphoxite\n|move|p1b: Floette|Protect|p1b: Floette\n|-singleturn|p1b: Floette|Protect\n|move|p1a: Whimsicott|Tailwind|p1a: Whimsicott\n|-sidestart|p1: lolgz|move: Tailwind\n|move|p2a: Delphox|Heat Wave|p1a: Whimsicott|[spread] p1a\n|-activate|p1b: Floette|move: Protect\n|-supereffective|p1a: Whimsicott|1\n|-enditem|p1a: Whimsicott|Focus Sash\n|-damage|p1a: Whimsicott|1/100\n|move|p2b: Garchomp|Earthquake|p1a: Whimsicott|[spread] p1a\n|-activate|p1b: Floette|move: Protect\n|-immune|p2a: Delphox|[from] ability: Levitate\n|-resisted|p1a: Whimsicott|1\n|-damage|p1a: Whimsicott|0 fnt\n|faint|p1a: Whimsicott\n|\n|upkeep\n|\n|t:|1775966072\n|switch|p1a: Sneasler|Sneasler, L50, M|100/100\n|turn|2\n|\n|t:|1775966085\n|switch|p2b: Aegislash|Aegislash, L50, M|100/100\n|detailschange|p1b: Floette|Floette-Mega, L50, F\n|-mega|p1b: Floette|Floette|Floettite\n|-ability|p1b: Floette|Fairy Aura\n|move|p2a: Delphox|Protect|p2a: Delphox\n|-singleturn|p2a: Delphox|Protect\n|move|p1a: Sneasler|Fake Out|p2a: Delphox\n|-activate|p2a: Delphox|move: Protect\n|move|p1b: Floette|Moonblast|p2b: Aegislash\n|-resisted|p2b: Aegislash|1\n|-damage|p2b: Aegislash|68/100\n|\n|-heal|p2b: Aegislash|74/100|[from] item: Leftovers\n|upkeep\n|turn|3\n|\n|t:|1775966102\n|move|p1a: Sneasler|Throat Chop|p2b: Aegislash\n|-supereffective|p2b: Aegislash|1\n|-damage|p2b: Aegislash|26/100\n|-start|p2b: Aegislash|Throat Chop|[silent]\n|move|p1b: Floette|Dazzling Gleam|p2a: Delphox|[spread] p2a,p2b\n|-resisted|p2a: Delphox|1\n|-resisted|p2b: Aegislash|1\n|-damage|p2a: Delphox|77/100\n|-damage|p2b: Aegislash|7/100\n|move|p2a: Delphox|Psychic Noise|p1a: Sneasler\n|-supereffective|p1a: Sneasler|2\n|-damage|p1a: Sneasler|0 fnt\n|faint|p1a: Sneasler\n|-formechange|p2b: Aegislash|Aegislash-Blade|\n|move|p2b: Aegislash|Iron Head|p1b: Floette\n|-supereffective|p1b: Floette|1\n|-damage|p1b: Floette|0 fnt\n|faint|p1b: Floette\n|\n|-heal|p2b: Aegislash|13/100|[from] item: Leftovers\n|upkeep\n|-message|lolgz forfeited.\n|\n|win|lloni\n|raw|lolgz's rating: 1184 &rarr; <strong>1154</strong><br />(-30 for losing)\n|raw|lloni's rating: 1116 &rarr; <strong>1146</strong><br />(+30 for winning)\n",
  "uploadtime": 1775966112,
  "views": 13,
  "formatid": "gen9championsvgc2026regma",
  "rating": 1146,
  "private": 0,
  "password": null
}