{
  "id": "gen9championsvgc2026regma-2582041389",
  "format": "[Gen 9 Champions] VGC 2026 Reg M-A",
  "players": [
    "Scapegoat11",
    "pengu"
  ],
  "log": "|j|\u2606Scapegoat11\n|j|\u2606pengu\n|html|<table width=\"100%\"><tr><td align=\"left\">Scapegoat11</td><td align=\"right\">pengu</tr><tr><td align=\"left\"><i class=\"fa fa-circle\"></i> <i class=\"fa fa-circle-o\"></i> </td><td align=\"right\"><i class=\"fa fa-circle-o\"></i> <i class=\"fa fa-circle-o\"></i> </tr></table>\n|uhtml|bestof|<h2><strong>Game 2</strong> of <a href=\"/game-bestof3-gen9championsvgc2026regma-2582039882\">a best-of-3</a></h2>\n|t:|1776051095\n|gametype|doubles\n|player|p1|Scapegoat11|266|\n|player|p2|pengu|rosa-masters|\n|gen|9\n|tier|[Gen 9 Champions] VGC 2026 Reg M-A\n|rated|Tournament battle\n|rule|Species Clause: Limit one of each Pok\u00e9mon\n|rule|Item Clause: Limit 1 of each item\n|raw|<div class=\"infobox\"><details class=\"readmore\" open><summary><strong>2 custom rules:</strong></summary> Force Open Team Sheets, Best of = 3</details></div>\n|clearpoke\n|poke|p1|Aegislash, L50, F|\n|poke|p1|Garchomp, L50, F|\n|poke|p1|Delphox, L50, F|\n|poke|p1|Floette-Eternal, L50, F|\n|poke|p1|Maushold-Four, L50|\n|poke|p1|Talonflame, L50, M|\n|poke|p2|Froslass, L50, F|\n|poke|p2|Rotom-Wash, L50|\n|poke|p2|Garchomp, L50, F|\n|poke|p2|Sneasler, L50, F|\n|poke|p2|Aerodactyl, L50, M|\n|poke|p2|Floette-Eternal, L50, F|\n|teampreview|4\n|showteam|p1|Aegislash||Leftovers|StanceChange|ShadowBall,FlashCannon,WideGuard,KingsShield|||F|||50|]Garchomp||SitrusBerry|RoughSkin|Earthquake,DragonClaw,RockSlide,Protect|||F|||50|]Delphox||Delphoxite|Blaze|HeatWave,Psychic,Encore,Protect|||F|||50|]Floette-Eternal||Floettite|FlowerVeil|Moonblast,DazzlingGleam,CalmMind,Protect|||F|||50|]Maushold-Four||FocusSash|FriendGuard|SuperFang,FollowMe,HelpingHand,Protect||||||50|]Talonflame|||GaleWings|Tailwind,Acrobatics,FlareBlitz,Protect|||M|||50|\n|showteam|p2|Froslass||Froslassite|CursedBody|Blizzard,ShadowBall,AuroraVeil,Protect|||F|||50|]Rotom-Wash||SitrusBerry|Levitate|HydroPump,Thunderbolt,WillOWisp,Protect||||||50|]Garchomp||SoftSand|RoughSkin|Earthquake,StompingTantrum,RockSlide,Protect|||F|||50|]Sneasler||WhiteHerb|Unburden|FakeOut,CloseCombat,DireClaw,Protect|||F|||50|]Aerodactyl||FocusSash|Unnerve|RockSlide,DualWingbeat,Tailwind,Protect|||M|||50|]Floette-Eternal||Floettite|FlowerVeil|Moonblast,DazzlingGleam,Substitute,Protect|||F|||50|\n|inactive|Battle timer is ON: inactive players will automatically lose when time's up. (requested by pengu)\n|inactive|Scapegoat11 has 60 seconds left.\n|\n|t:|1776051138\n|teamsize|p1|4\n|teamsize|p2|4\n|start\n|switch|p1a: Garchomp|Garchomp, L50, F|100/100\n|switch|p1b: Talonflame|Talonflame, L50, M|100/100\n|switch|p2a: Aerodactyl|Aerodactyl, L50, M|100/100\n|switch|p2b: Rotom|Rotom-Wash, L50|100/100\n|-ability|p2a: Aerodactyl|Unnerve\n|turn|1\n|\n|t:|1776051156\n|move|p1b: Talonflame|Tailwind|p1b: Talonflame\n|-sidestart|p1: Scapegoat11|move: Tailwind\n|move|p1a: Garchomp|Rock Slide|p2a: Aerodactyl|[spread] p2a,p2b\n|-supereffective|p2a: Aerodactyl|1\n|-damage|p2a: Aerodactyl|39/100\n|-damage|p2b: Rotom|83/100\n|cant|p2a: Aerodactyl|flinch\n|cant|p2b: Rotom|flinch\n|\n|upkeep\n|turn|2\n|c|\u2606pengu|nice\n|-message|pengu forfeited.\n|\n|win|Scapegoat11\n|l|\u2606pengu\n|player|p2|\n|c|\u2606Scapegoat11|That's crazy LOL\n|c|\u2606Scapegoat11|Ggs\n",
  "uploadtime": 1776051177,
  "views": 10,
  "formatid": "gen9championsvgc2026regma",
  "rating": null,
  "private": 0,
  "password": null
}