{
  "id": "gen9championsvgc2026regma-2585592092",
  "format": "[Gen 9 Champions] VGC 2026 Reg M-A",
  "players": [
    "Darpydragoon",
    "kiviwic"
  ],
  "log": "|j|\u2606Darpydragoon\n|j|\u2606kiviwic\n|t:|1776357579\n|gametype|doubles\n|player|p1|Darpydragoon|266|1000\n|player|p2|kiviwic|102|1000\n|gen|9\n|tier|[Gen 9 Champions] VGC 2026 Reg M-A\n|rated|\n|rule|Species Clause: Limit one of each Pok\u00e9mon\n|rule|Item Clause: Limit 1 of each item\n|clearpoke\n|poke|p1|Garganacl, L50, M|\n|poke|p1|Azumarill, L50, M|\n|poke|p1|Incineroar, L50, F|\n|poke|p1|Sneasler, L50, F|\n|poke|p1|Froslass, L50, F|\n|poke|p1|Polteageist, L50|\n|poke|p2|Maushold, L50|\n|poke|p2|Garchomp, L50, F|\n|poke|p2|Manectric, L50, M|\n|poke|p2|Corviknight, L50, M|\n|poke|p2|Sneasler, L50, F|\n|poke|p2|Sylveon, L50, F|\n|teampreview|4\n|\n|t:|1776357605\n|teamsize|p1|4\n|teamsize|p2|4\n|start\n|switch|p1a: Garganacl|Garganacl, L50, M|100/100\n|switch|p1b: Froslass|Froslass, L50, F|100/100\n|switch|p2a: Corviknight|Corviknight, L50, M|100/100\n|switch|p2b: Sneasler|Sneasler, L50, F|100/100\n|turn|1\n|inactive|Battle timer is ON: inactive players will automatically lose when time's up. (requested by Darpydragoon)\n|\n|t:|1776357628\n|detailschange|p1b: Froslass|Froslass-Mega, L50, F\n|-mega|p1b: Froslass|Froslass|Froslassite\n|-weather|Snowscape|[from] ability: Snow Warning|[of] p1b: Froslass\n|move|p2b: Sneasler|Fake Out|p1a: Garganacl\n|-resisted|p1a: Garganacl|1\n|-damage|p1a: Garganacl|96/100\n|move|p1b: Froslass|Blizzard|p2a: Corviknight|[spread] p2a,p2b\n|-damage|p2a: Corviknight|52/100\n|-damage|p2b: Sneasler|37/100\n|move|p2a: Corviknight|Tailwind|p2a: Corviknight\n|-sidestart|p2: kiviwic|move: Tailwind\n|cant|p1a: Garganacl|flinch\n|\n|-weather|Snowscape|[upkeep]\n|-heal|p2a: Corviknight|58/100|[from] item: Leftovers\n|-heal|p1a: Garganacl|100/100|[from] item: Leftovers\n|upkeep\n|turn|2\n|inactive|kiviwic has 30 seconds left.\n|\n|t:|1776357660\n|move|p2b: Sneasler|Close Combat|p1a: Garganacl\n|-supereffective|p1a: Garganacl|1\n|-damage|p1a: Garganacl|19/100\n|-unboost|p2b: Sneasler|def|1\n|-unboost|p2b: Sneasler|spd|1\n|-enditem|p2b: Sneasler|White Herb\n|-clearnegativeboost|p2b: Sneasler|[silent]\n|move|p1b: Froslass|Blizzard|p2a: Corviknight|[spread] p2a,p2b\n|-damage|p2a: Corviknight|12/100\n|-damage|p2b: Sneasler|0 fnt\n|faint|p2b: Sneasler\n|move|p2a: Corviknight|Iron Head|p1b: Froslass\n|-supereffective|p1b: Froslass|1\n|-damage|p1b: Froslass|47/100\n|move|p1a: Garganacl|Salt Cure|p2a: Corviknight\n|-damage|p2a: Corviknight|2/100\n|-start|p2a: Corviknight|Salt Cure\n|\n|-weather|Snowscape|[upkeep]\n|-heal|p2a: Corviknight|8/100|[from] item: Leftovers\n|-heal|p1a: Garganacl|25/100|[from] item: Leftovers\n|-damage|p2a: Corviknight|0 fnt|[from] Salt Cure\n|faint|p2a: Corviknight\n|upkeep\n|-message|kiviwic forfeited.\n|\n|win|Darpydragoon\n|raw|Darpydragoon's rating: 1000 &rarr; <strong>1040</strong><br />(+40 for winning)\n|raw|kiviwic's rating: 1000 &rarr; <strong>1000</strong><br />(+0 for losing)\n|l|\u2606kiviwic\n|player|p2|\n",
  "uploadtime": 1776357682,
  "views": 15,
  "formatid": "gen9championsvgc2026regma",
  "rating": 1000,
  "private": 0,
  "password": null
}