{
  "id": "gen9championsvgc2026regma-2581911744",
  "format": "[Gen 9 Champions] VGC 2026 Reg M-A",
  "players": [
    "injuryreserv3",
    "MrKwan"
  ],
  "log": "|j|\u2606injuryreserv3\n|j|\u2606MrKwan\n|t:|1776039065\n|gametype|doubles\n|player|p1|injuryreserv3|sabrina|1317\n|player|p2|MrKwan|266|1301\n|gen|9\n|tier|[Gen 9 Champions] VGC 2026 Reg M-A\n|rated|\n|rule|Species Clause: Limit one of each Pok\u00e9mon\n|rule|Item Clause: Limit 1 of each item\n|clearpoke\n|poke|p1|Sneasler, L50, F|\n|poke|p1|Basculegion, L50, M|\n|poke|p1|Charizard, L50, M|\n|poke|p1|Floette-Eternal, L50, F|\n|poke|p1|Incineroar, L50, F|\n|poke|p1|Venusaur, L50, M|\n|poke|p2|Torkoal, L50, M|\n|poke|p2|Lopunny, L50, F|\n|poke|p2|Farigiraf, L50, F|\n|poke|p2|Sinistcha, L50|\n|poke|p2|Azumarill, L50, F|\n|poke|p2|Froslass, L50, F|\n|teampreview|4\n|inactive|Battle timer is ON: inactive players will automatically lose when time's up. (requested by MrKwan)\n|\n|t:|1776039191\n|teamsize|p1|4\n|teamsize|p2|4\n|start\n|switch|p1a: Charizard|Charizard, L50, M|100/100\n|switch|p1b: Venusaur|Venusaur, L50, M|100/100\n|switch|p2a: Farigiraf|Farigiraf, L50, F|100/100\n|switch|p2b: Froslass|Froslass, L50, F|100/100\n|turn|1\n|inactive|MrKwan has 30 seconds left.\n|inactive|MrKwan has 20 seconds left.\n|inactive|MrKwan has 15 seconds left.\n|inactive|MrKwan has 10 seconds left.\n|\n|t:|1776039241\n|detailschange|p2b: Froslass|Froslass-Mega, L50, F\n|-mega|p2b: Froslass|Froslass|Froslassite\n|-weather|Snowscape|[from] ability: Snow Warning|[of] p2b: Froslass\n|detailschange|p1a: Charizard|Charizard-Mega-Y, L50, M\n|-mega|p1a: Charizard|Charizard|Charizardite Y\n|-weather|SunnyDay|[from] ability: Drought|[of] p1a: Charizard\n|move|p1b: Venusaur|Sludge Bomb|p2a: Farigiraf\n|-damage|p2a: Farigiraf|62/100\n|-status|p2a: Farigiraf|psn\n|move|p2b: Froslass|Aurora Veil||[still]\n|-fail|p2b: Froslass\n|move|p1a: Charizard|Heat Wave|p2a: Farigiraf|[spread] p2a,p2b\n|-supereffective|p2b: Froslass|1\n|-damage|p2a: Farigiraf|6/100 psn\n|-damage|p2b: Froslass|0 fnt\n|faint|p2b: Froslass\n|move|p2a: Farigiraf|Nasty Plot|p2a: Farigiraf\n|-boost|p2a: Farigiraf|spa|2\n|\n|-weather|SunnyDay|[upkeep]\n|-damage|p2a: Farigiraf|0 fnt|[from] psn\n|faint|p2a: Farigiraf\n|upkeep\n|-message|MrKwan forfeited.\n|\n|win|injuryreserv3\n|raw|injuryreserv3's rating: 1317 &rarr; <strong>1336</strong><br />(+19 for winning)\n|raw|MrKwan's rating: 1301 &rarr; <strong>1282</strong><br />(-19 for losing)\n|l|\u2606MrKwan\n|player|p2|\n",
  "uploadtime": 1776039281,
  "views": 25,
  "formatid": "gen9championsvgc2026regma",
  "rating": 1282,
  "private": 0,
  "password": null
}