{
  "id": "gen9championsvgc2026regma-2582455769",
  "format": "[Gen 9 Champions] VGC 2026 Reg M-A",
  "players": [
    "Timeo19",
    "faric"
  ],
  "log": "|j|\u2606Timeo19\n|j|\u2606faric\n|t:|1776092835\n|gametype|doubles\n|player|p1|Timeo19|2|1058\n|player|p2|faric|266|1147\n|gen|9\n|tier|[Gen 9 Champions] VGC 2026 Reg M-A\n|rated|\n|rule|Species Clause: Limit one of each Pok\u00e9mon\n|rule|Item Clause: Limit 1 of each item\n|clearpoke\n|poke|p1|Sneasler, L50, M|\n|poke|p1|Sableye, L50, F|\n|poke|p1|Gengar, L50, M|\n|poke|p1|Corviknight, L50, M|\n|poke|p1|Incineroar, L50, M|\n|poke|p1|Clefable, L50, F|\n|poke|p2|Charizard, L50, M|\n|poke|p2|Venusaur, L50, M|\n|poke|p2|Garchomp, L50, M|\n|poke|p2|Rotom-Wash, L50|\n|poke|p2|Incineroar, L50, F|\n|poke|p2|Sneasler, L50, M|\n|teampreview|4\n|inactive|Battle timer is ON: inactive players will automatically lose when time's up. (requested by Timeo19)\n|\n|t:|1776092887\n|teamsize|p1|4\n|teamsize|p2|4\n|start\n|switch|p1a: Sneasler|Sneasler, L50, M|100/100\n|switch|p1b: Sableye|Sableye, L50, F|100/100\n|switch|p2a: Incineroar|Incineroar, L50, F|100/100\n|switch|p2b: Charizard|Charizard, L50, M|100/100\n|-ability|p2a: Incineroar|Intimidate|boost\n|-unboost|p1a: Sneasler|atk|1\n|-unboost|p1b: Sableye|atk|1\n|turn|1\n|inactive|Timeo19 has 30 seconds left.\n|\n|t:|1776092914\n|switch|p2b: Garchomp|Garchomp, L50, M|100/100\n|move|p1b: Sableye|Swagger|p1a: Sneasler|[miss]\n|-miss|p1b: Sableye|p1a: Sneasler\n|move|p1a: Sneasler|Dire Claw|p2b: Garchomp\n|-resisted|p2b: Garchomp|1\n|-damage|p2b: Garchomp|86/100\n|-damage|p1a: Sneasler|88/100|[from] ability: Rough Skin|[of] p2b: Garchomp\n|move|p2a: Incineroar|Darkest Lariat|p1b: Sableye\n|-damage|p1b: Sableye|37/100\n|\n|upkeep\n|turn|2\n|\n|t:|1776092938\n|switch|p2a: Charizard|Charizard, L50, M|100/100\n|move|p1b: Sableye|Swagger|p1a: Sneasler\n|-boost|p1a: Sneasler|atk|2\n|-start|p1a: Sneasler|confusion\n|-enditem|p1a: Sneasler|Lum Berry|[eat]\n|-end|p1a: Sneasler|confusion\n|move|p1a: Sneasler|Close Combat|p2a: Charizard\n|-resisted|p2a: Charizard|1\n|-damage|p2a: Charizard|39/100\n|-unboost|p1a: Sneasler|def|1\n|-unboost|p1a: Sneasler|spd|1\n|move|p2b: Garchomp|Earthquake|p1b: Sableye|[spread] p1a,p1b\n|-immune|p2a: Charizard\n|-supereffective|p1a: Sneasler|1\n|-damage|p1a: Sneasler|0 fnt\n|-damage|p1b: Sableye|0 fnt\n|faint|p1a: Sneasler\n|faint|p1b: Sableye\n|\n|upkeep\n|\n|t:|1776092956\n|switch|p1a: Gengar|Gengar, L50, M|100/100\n|switch|p1b: Corviknight|Corviknight, L50, M|100/100\n|-ability|p1b: Corviknight|Pressure\n|turn|3\n|inactive|Timeo19 has 30 seconds left.\n|\n|t:|1776092988\n|detailschange|p1a: Gengar|Gengar-Mega, L50, M\n|-mega|p1a: Gengar|Gengar|Gengarite\n|move|p2a: Charizard|Protect|p2a: Charizard\n|-singleturn|p2a: Charizard|Protect\n|move|p2b: Garchomp|Earthquake|p1a: Gengar|[spread] p1a\n|-activate|p2a: Charizard|move: Protect\n|-immune|p1b: Corviknight\n|-supereffective|p1a: Gengar|1\n|-damage|p1a: Gengar|0 fnt\n|faint|p1a: Gengar\n|move|p1b: Corviknight|Tailwind|p1b: Corviknight\n|-sidestart|p1: Timeo19|move: Tailwind\n|\n|upkeep\n|turn|4\n|-message|Timeo19 forfeited.\n|\n|win|faric\n|raw|Timeo19's rating: 1058 &rarr; <strong>1044</strong><br />(-14 for losing)\n|raw|faric's rating: 1147 &rarr; <strong>1166</strong><br />(+19 for winning)\n|l|\u2606Timeo19\n|player|p1|\n",
  "uploadtime": 1776093005,
  "views": 16,
  "formatid": "gen9championsvgc2026regma",
  "rating": 1044,
  "private": 0,
  "password": null
}