{
  "id": "gen9championsvgc2026regma-2583604936",
  "format": "[Gen 9 Champions] VGC 2026 Reg M-A",
  "players": [
    "Pizzamemes123",
    "ReZon8"
  ],
  "log": "|j|\u2606Pizzamemes123\n|j|\u2606ReZon8\n|t:|1776186059\n|gametype|doubles\n|player|p1|Pizzamemes123|101|1078\n|player|p2|ReZon8|cynthia-gen4|1096\n|gen|9\n|tier|[Gen 9 Champions] VGC 2026 Reg M-A\n|rated|\n|rule|Species Clause: Limit one of each Pok\u00e9mon\n|rule|Item Clause: Limit 1 of each item\n|clearpoke\n|poke|p1|Chandelure, L50, M|\n|poke|p1|Oranguru, L50, M|\n|poke|p1|Whimsicott, L50, M|\n|poke|p1|Milotic, L50, M|\n|poke|p1|Incineroar, L50, M|\n|poke|p1|Feraligatr, L50, M|\n|poke|p2|Hydreigon, L50, M|\n|poke|p2|Charizard, L50, F|\n|poke|p2|Krookodile, L50, M|\n|poke|p2|Sinistcha, L50|\n|poke|p2|Whimsicott, L50, M|\n|poke|p2|Chesnaught, L50, M|\n|teampreview|4\n|inactive|Battle timer is ON: inactive players will automatically lose when time's up. (requested by Pizzamemes123)\n|\n|t:|1776186170\n|teamsize|p1|4\n|teamsize|p2|4\n|start\n|switch|p1a: Oranguru|Oranguru, L50, M|100/100\n|switch|p1b: Feraligatr|Feraligatr, L50, M|100/100\n|switch|p2a: Hydreigon|Hydreigon, L50, M|100/100\n|switch|p2b: Krookodile|Krookodile, L50, M|100/100\n|-ability|p2b: Krookodile|Intimidate|boost\n|-fail|p1a: Oranguru|unboost|Attack|[from] ability: Inner Focus|[of] p1a: Oranguru\n|-unboost|p1b: Feraligatr|atk|1\n|turn|1\n|inactive|Pizzamemes123 has 30 seconds left.\n|inactive|ReZon8 has 30 seconds left.\n|inactive|ReZon8 has 20 seconds left.\n|inactive|ReZon8 has 15 seconds left.\n|inactive|ReZon8 has 10 seconds left.\n|\n|t:|1776186216\n|switch|p2b: Sinistcha|Sinistcha, L50|100/100\n|switch|p1b: Whimsicott|Whimsicott, L50, M|100/100\n|switch|p1a: Incineroar|Incineroar, L50, M|100/100\n|-ability|p1a: Incineroar|Intimidate|boost\n|-unboost|p2a: Hydreigon|atk|1\n|-unboost|p2b: Sinistcha|atk|1\n|move|p2a: Hydreigon|Protect||[still]\n|-fail|p2a: Hydreigon\n|\n|upkeep\n|turn|2\n|inactive|ReZon8 has 30 seconds left.\n|inactive|ReZon8 has 20 seconds left.\n|\n|t:|1776186255\n|move|p2b: Sinistcha|Rage Powder|p2b: Sinistcha\n|-singleturn|p2b: Sinistcha|move: Rage Powder\n|move|p1b: Whimsicott|Moonblast|p2a: Hydreigon\n|-supereffective|p2a: Hydreigon|2\n|-damage|p2a: Hydreigon|0 fnt\n|faint|p2a: Hydreigon\n|move|p1a: Incineroar|Parting Shot|p2b: Sinistcha\n|-unboost|p2b: Sinistcha|atk|1\n|-unboost|p2b: Sinistcha|spa|1\n|\n|t:|1776186264\n|switch|p1a: Oranguru|Oranguru, L50, M|100/100|[from] Parting Shot\n|\n|upkeep\n|\n|t:|1776186278\n|switch|p2a: Krookodile|Krookodile, L50, M|100/100\n|-ability|p2a: Krookodile|Intimidate|boost\n|-fail|p1a: Oranguru|unboost|Attack|[from] ability: Inner Focus|[of] p1a: Oranguru\n|-unboost|p1b: Whimsicott|atk|1\n|turn|3\n|\n|t:|1776186300\n|switch|p2a: Whimsicott|Whimsicott, L50, M|100/100\n|move|p1b: Whimsicott|Moonblast|p2a: Whimsicott\n|-damage|p2a: Whimsicott|45/100\n|move|p2b: Sinistcha|Strength Sap|p1a: Oranguru\n|-unboost|p1a: Oranguru|atk|1\n|move|p1a: Oranguru|Instruct|p1b: Whimsicott\n|-singleturn|p1b: Whimsicott|move: Instruct|[of] p1a: Oranguru\n|move|p1b: Whimsicott|Moonblast|p2a: Whimsicott\n|-damage|p2a: Whimsicott|0 fnt\n|faint|p2a: Whimsicott\n|\n|upkeep\n|-message|ReZon8 forfeited.\n|\n|win|Pizzamemes123\n|raw|Pizzamemes123's rating: 1078 &rarr; <strong>1108</strong><br />(+30 for winning)\n|raw|ReZon8's rating: 1096 &rarr; <strong>1070</strong><br />(-26 for losing)\n|l|\u2606ReZon8\n|player|p2|\n",
  "uploadtime": 1776186319,
  "views": 28,
  "formatid": "gen9championsvgc2026regma",
  "rating": 1070,
  "private": 0,
  "password": null
}