{
  "id": "gen9championsvgc2026regma-2582678244",
  "format": "[Gen 9 Champions] VGC 2026 Reg M-A",
  "players": [
    "KilamanolaVGC",
    "MrPpingu"
  ],
  "log": "|j|\u203dKilamanolaVGC\n|j|\u2606MrPpingu\n|t:|1776106723\n|gametype|doubles\n|player|p1|KilamanolaVGC|benga|1153\n|player|p2|MrPpingu|265|1090\n|gen|9\n|tier|[Gen 9 Champions] VGC 2026 Reg M-A\n|rated|\n|rule|Species Clause: Limit one of each Pok\u00e9mon\n|rule|Item Clause: Limit 1 of each item\n|clearpoke\n|poke|p1|Floette-Eternal, L50, F|\n|poke|p1|Garchomp, L50, M|\n|poke|p1|Aerodactyl, L50, M|\n|poke|p1|Kingambit, L50, F|\n|poke|p1|Basculegion, L50, M|\n|poke|p1|Sneasler, L50, M|\n|poke|p2|Dragonite, L50, F|\n|poke|p2|Gardevoir, L50, F|\n|poke|p2|Incineroar, L50, F|\n|poke|p2|Rotom-Wash, L50|\n|poke|p2|Garchomp, L50, F|\n|poke|p2|Decidueye, L50, F|\n|teampreview|4\n|inactive|Battle timer is ON: inactive players will automatically lose when time's up. (requested by KilamanolaVGC)\nKilamanolaVGC has agreed to open team sheets.\n|\n|t:|1776106740\n|teamsize|p1|4\n|teamsize|p2|4\n|start\n|switch|p1a: Kingambit|Kingambit, L50, F, shiny|100/100\n|switch|p1b: Sneasler|Sneasler, L50, M, shiny|100/100\n|switch|p2a: Incineroar|Incineroar, L50, F|100/100\n|switch|p2b: Decidueye|Decidueye, L50, F|100/100\n|-ability|p2a: Incineroar|Intimidate|boost\n|-unboost|p1a: Kingambit|atk|1\n|-ability|p1a: Kingambit|Defiant|boost\n|-boost|p1a: Kingambit|atk|2\n|-unboost|p1b: Sneasler|atk|1\n|-enditem|p1b: Sneasler|White Herb\n|-clearnegativeboost|p1b: Sneasler|[silent]\n|turn|1\n|\n|t:|1776106756\n|move|p1b: Sneasler|Fake Out|p2a: Incineroar\n|-damage|p2a: Incineroar|90/100\n|cant|p2a: Incineroar|flinch\n|move|p2b: Decidueye|Tailwind|p2b: Decidueye\n|-sidestart|p2: MrPpingu|move: Tailwind\n|move|p1a: Kingambit|Kowtow Cleave|p2b: Decidueye\n|-supereffective|p2b: Decidueye|1\n|-enditem|p2b: Decidueye|Focus Sash\n|-damage|p2b: Decidueye|1/100\n|\n|upkeep\n|turn|2\n|\n|t:|1776106773\n|move|p1a: Kingambit|Sucker Punch|p2b: Decidueye\n|-supereffective|p2b: Decidueye|1\n|-damage|p2b: Decidueye|0 fnt\n|faint|p2b: Decidueye\n|move|p1b: Sneasler|Close Combat|p2a: Incineroar\n|-supereffective|p2a: Incineroar|1\n|-damage|p2a: Incineroar|0 fnt\n|-unboost|p1b: Sneasler|def|1\n|-unboost|p1b: Sneasler|spd|1\n|faint|p2a: Incineroar\n|\n|upkeep\n|\n|t:|1776106782\n|switch|p2b: Dragonite|Dragonite, L50, F|100/100\n|switch|p2a: Gardevoir|Gardevoir, L50, F|100/100\n|turn|3\n|\n|t:|1776106797\n|detailschange|p2a: Gardevoir|Gardevoir-Mega, L50, F\n|-mega|p2a: Gardevoir|Gardevoir|Gardevoirite\n|move|p1a: Kingambit|Sucker Punch|p2b: Dragonite\n|-damage|p2b: Dragonite|68/100\n|move|p1b: Sneasler|Dire Claw|p2a: Gardevoir\n|-supereffective|p2a: Gardevoir|1\n|-damage|p2a: Gardevoir|0 fnt\n|faint|p2a: Gardevoir\n|move|p2b: Dragonite|Superpower|p1a: Kingambit\n|-supereffective|p1a: Kingambit|2\n|-damage|p1a: Kingambit|0 fnt\n|-unboost|p2b: Dragonite|atk|1\n|-unboost|p2b: Dragonite|def|1\n|faint|p1a: Kingambit\n|\n|-heal|p2b: Dragonite|74/100|[from] item: Leftovers\n|upkeep\n|\n|t:|1776106809\n|switch|p1a: Floette|Floette-Eternal, L50, F|100/100\n|turn|4\n|-message|MrPpingu forfeited.\n|\n|win|KilamanolaVGC\n|raw|KilamanolaVGC's rating: 1153 &rarr; <strong>1174</strong><br />(+21 for winning)\n|raw|MrPpingu's rating: 1090 &rarr; <strong>1071</strong><br />(-19 for losing)\n|l|\u2606MrPpingu\n|player|p2|\n",
  "uploadtime": 1776106859,
  "views": 31,
  "formatid": "gen9championsvgc2026regma",
  "rating": 1071,
  "private": 0,
  "password": null
}