{
  "id": "gen9championsvgc2026regma-2586669457",
  "format": "[Gen 9 Champions] VGC 2026 Reg M-A",
  "players": [
    "taka no me mihawk",
    "AlekGeller"
  ],
  "log": "|j|\u2606taka no me mihawk\n|j|\u2606AlekGeller\n|t:|1776450755\n|gametype|doubles\n|player|p1|taka no me mihawk|266|1000\n|player|p2|AlekGeller|2|1000\n|gen|9\n|tier|[Gen 9 Champions] VGC 2026 Reg M-A\n|rated|\n|rule|Species Clause: Limit one of each Pok\u00e9mon\n|rule|Item Clause: Limit 1 of each item\n|clearpoke\n|poke|p1|Aerodactyl, L50, F|\n|poke|p1|Floette-Eternal, L50, F|\n|poke|p1|Sneasler, L50, F|\n|poke|p1|Garchomp, L50, M|\n|poke|p1|Incineroar, L50, F|\n|poke|p1|Rotom-Wash, L50|\n|poke|p2|Beedrill, L50, F|\n|poke|p2|Talonflame, L50, M|\n|poke|p2|Ninetales-Alola, L50, F|\n|poke|p2|Maushold, L50|\n|poke|p2|Incineroar, L50, M|\n|poke|p2|Milotic, L50, F|\n|teampreview|4\n|inactive|Battle timer is ON: inactive players will automatically lose when time's up. (requested by taka no me mihawk)\n|\n|t:|1776450770\n|teamsize|p1|4\n|teamsize|p2|4\n|start\n|switch|p1a: Floette|Floette-Eternal, L50, F|100/100\n|switch|p1b: Aerodactyl|Aerodactyl, L50, F, shiny|100/100\n|switch|p2a: Talonflame|Talonflame, L50, M|100/100\n|switch|p2b: Milotic|Milotic, L50, F|100/100\n|-ability|p1b: Aerodactyl|Unnerve\n|turn|1\n|\n|t:|1776450786\n|detailschange|p1a: Floette|Floette-Mega, L50, F\n|-mega|p1a: Floette|Floette|Floettite\n|-ability|p1a: Floette|Fairy Aura\n|move|p2a: Talonflame|Tailwind|p2a: Talonflame\n|-sidestart|p2: AlekGeller|move: Tailwind\n|move|p2b: Milotic|Scald|p1b: Aerodactyl\n|-supereffective|p1b: Aerodactyl|1\n|-damage|p1b: Aerodactyl|11/100\n|-status|p1b: Aerodactyl|brn\n|move|p1b: Aerodactyl|Tailwind|p1b: Aerodactyl\n|-sidestart|p1: taka no me mihawk|move: Tailwind\n|move|p1a: Floette|Calm Mind|p1a: Floette\n|-boost|p1a: Floette|spa|1\n|-boost|p1a: Floette|spd|1\n|\n|-damage|p1b: Aerodactyl|6/100 brn|[from] brn\n|upkeep\n|turn|2\n|inactive|AlekGeller has 30 seconds left.\n|inactive|AlekGeller has 20 seconds left.\n|\n|t:|1776450823\n|switch|p2b: Ninetales|Ninetales-Alola, L50, F|100/100\n|-weather|Snowscape|[from] ability: Snow Warning|[of] p2b: Ninetales\n|move|p1b: Aerodactyl|Rock Slide|p2a: Talonflame|[spread] p2a,p2b\n|-supereffective|p2a: Talonflame|2\n|-supereffective|p2b: Ninetales|1\n|-damage|p2a: Talonflame|42/100\n|-damage|p2b: Ninetales|75/100\n|move|p2a: Talonflame|Flare Blitz|p1a: Floette\n|-damage|p1a: Floette|47/100\n|-damage|p2a: Talonflame|28/100|[from] Recoil\n|move|p1a: Floette|Moonblast|p2a: Talonflame\n|-resisted|p2a: Talonflame|1\n|-damage|p2a: Talonflame|0 fnt\n|faint|p2a: Talonflame\n|\n|-weather|Snowscape|[upkeep]\n|-damage|p1b: Aerodactyl|0 fnt|[from] brn\n|faint|p1b: Aerodactyl\n|upkeep\n|\n|t:|1776450846\n|switch|p1b: Incineroar|Incineroar, L50, F|100/100\n|switch|p2a: Beedrill|Beedrill, L50, F, shiny|100/100\n|-ability|p1b: Incineroar|Intimidate|boost\n|-unboost|p2a: Beedrill|atk|1\n|-unboost|p2b: Ninetales|atk|1\n|turn|3\n|\n|t:|1776450865\n|switch|p2a: Milotic|Milotic, L50, F|100/100\n|move|p2b: Ninetales|Aurora Veil|p2b: Ninetales\n|-sidestart|p2: AlekGeller|move: Aurora Veil\n|move|p1a: Floette|Moonblast|p2b: Ninetales\n|-damage|p2b: Ninetales|0 fnt\n|faint|p2b: Ninetales\n|move|p1b: Incineroar|Flare Blitz|p2a: Milotic\n|-resisted|p2a: Milotic|1\n|-damage|p2a: Milotic|86/100\n|-damage|p1b: Incineroar|96/100|[from] Recoil\n|\n|-weather|Snowscape|[upkeep]\n|-heal|p2a: Milotic|92/100|[from] item: Leftovers\n|upkeep\n|\n|t:|1776450879\n|switch|p2b: Beedrill|Beedrill, L50, F, shiny|100/100\n|turn|4\n|inactive|taka no me mihawk has 30 seconds left.\n|\n|t:|1776450905\n|detailschange|p2b: Beedrill|Beedrill-Mega, L50, F, shiny\n|-mega|p2b: Beedrill|Beedrill|Beedrillite\n|move|p1b: Incineroar|Protect|p1b: Incineroar\n|-singleturn|p1b: Incineroar|Protect\n|move|p2b: Beedrill|Poison Jab|p1a: Floette\n|-supereffective|p1a: Floette|1\n|-crit|p1a: Floette\n|-damage|p1a: Floette|0 fnt\n|faint|p1a: Floette\n|move|p2a: Milotic|Scald|p1b: Incineroar\n|-activate|p1b: Incineroar|move: Protect\n|\n|-weather|Snowscape|[upkeep]\n|-heal|p2a: Milotic|98/100|[from] item: Leftovers\n|-sideend|p2: AlekGeller|move: Tailwind\n|-sideend|p1: taka no me mihawk|move: Tailwind\n|upkeep\n|-message|taka no me mihawk forfeited.\n|\n|win|AlekGeller\n|raw|taka no me mihawk's rating: 1000 &rarr; <strong>1000</strong><br />(+0 for losing)\n|raw|AlekGeller's rating: 1000 &rarr; <strong>1040</strong><br />(+40 for winning)\n|l|\u2606taka no me mihawk\n|player|p1|\n",
  "uploadtime": 1776450934,
  "views": 53,
  "formatid": "gen9championsvgc2026regma",
  "rating": 1000,
  "private": 0,
  "password": null
}