{
  "id": "gen9championsvgc2026regma-2587376847",
  "format": "[Gen 9 Champions] VGC 2026 Reg M-A",
  "players": [
    "tacazmacaz",
    "magicalarcher57"
  ],
  "log": "|j|\u2606tacazmacaz\n|j|\u2606magicalarcher57\n|html|<table width=\"100%\"><tr><td align=\"left\">tacazmacaz</td><td align=\"right\">magicalarcher57</tr><tr><td align=\"left\"><i class=\"fa fa-circle-o\"></i> <i class=\"fa fa-circle-o\"></i> </td><td align=\"right\"><i class=\"fa fa-circle-o\"></i> <i class=\"fa fa-circle-o\"></i> </tr></table>\n|uhtml|bestof|<h2><strong>Game 1</strong> of <a href=\"/game-bestof3-gen9championsvgc2026regma-2587376846\">a best-of-3</a></h2>\n|t:|1776526675\n|gametype|doubles\n|player|p1|tacazmacaz|steven|\n|player|p2|magicalarcher57|valerie|\n|gen|9\n|tier|[Gen 9 Champions] VGC 2026 Reg M-A\n|rated|Tournament battle\n|rule|Species Clause: Limit one of each Pok\u00e9mon\n|rule|Item Clause: Limit 1 of each item\n|raw|<div class=\"infobox\"><details class=\"readmore\" open><summary><strong>2 custom rules:</strong></summary> Force Open Team Sheets, Best of = 3</details></div>\n|clearpoke\n|poke|p1|Charizard, L50, F|\n|poke|p1|Garchomp, L50, M|\n|poke|p1|Tyranitar, L50, F|\n|poke|p1|Torkoal, L50, M|\n|poke|p1|Corviknight, L50, F|\n|poke|p1|Primarina, L50, M|\n|poke|p2|Kangaskhan, L50, F, shiny|\n|poke|p2|Farigiraf, L50, F, shiny|\n|poke|p2|Talonflame, L50, F, shiny|\n|poke|p2|Floette-Eternal, L50, F|\n|poke|p2|Sneasler, L50, M, shiny|\n|poke|p2|Basculegion, L50, M, shiny|\n|teampreview|4\n|showteam|p1|Charizard||CharizarditeY|Blaze|HeatWave,SolarBeam,WeatherBall,Protect|||F|||50|]Garchomp||ChoiceScarf|RoughSkin|DragonClaw,Earthquake,StompingTantrum,RockSlide|||M|||50|]Tyranitar||FocusSash|SandStream|RockSlide,Earthquake,KnockOff,Protect|||F|||50|]Torkoal||Charcoal|Drought|Eruption,GyroBall,Flamethrower,SolarBeam|||M|||50|]Corviknight||SitrusBerry|MirrorArmor|Tailwind,IronHead,Taunt,BraveBird|||F|||50|]Primarina||FairyFeather|LiquidVoice|Moonblast,Haze,IceBeam,HyperVoice|||M|||50|\n|showteam|p2|Kangaskhan||Kangaskhanite|Scrappy|FakeOut,HammerArm,DoubleEdge,Crunch|||F|||50|]Farigiraf||ColburBerry|ArmorTail|ShadowBall,HyperVoice,TrickRoom,Psychic|||F|||50|]Talonflame||SharpBeak|GaleWings|Tailwind,Taunt,Protect,BraveBird|||F|||50|]Floette-Eternal||Floettite|FlowerVeil|Moonblast,LightofRuin,DazzlingGleam,Protect|||F|||50|]Sneasler||FocusSash|Unburden|FakeOut,CloseCombat,DireClaw,Protect|||M|||50|]Basculegion||MysticWater|Adaptability|WaveCrash,LastRespects,AquaJet,Protect|||M|||50|\n|inactive|Battle timer is ON: inactive players will automatically lose when time's up. (requested by tacazmacaz)\n|\n|t:|1776526690\n|teamsize|p1|4\n|teamsize|p2|4\n|start\n|switch|p1a: Corviknight|Corviknight, L50, F|100/100\n|switch|p1b: Garchomp|Garchomp, L50, M|100/100\n|switch|p2a: Ryoiki Tenkai|Farigiraf, L50, F, shiny|100/100\n|switch|p2b: Kangaskhan|Kangaskhan, L50, F, shiny|100/100\n|turn|1\n|inactive|magicalarcher57 has 30 seconds left.\n|\n|t:|1776526724\n|move|p2b: Kangaskhan|Fake Out|p1a: Corviknight\n|-resisted|p1a: Corviknight|1\n|-damage|p1a: Corviknight|93/100\n|move|p1b: Garchomp|Earthquake|p2a: Ryoiki Tenkai|[spread] p2a,p2b\n|-immune|p1a: Corviknight\n|-damage|p2a: Ryoiki Tenkai|62/100\n|-damage|p2b: Kangaskhan|60/100\n|cant|p1a: Corviknight|flinch\n|move|p2a: Ryoiki Tenkai|Trick Room|p2a: Ryoiki Tenkai\n|-fieldstart|move: Trick Room|[of] p2a: Ryoiki Tenkai\n|\n|upkeep\n|turn|2\n|j|@Therazer456\n|inactive|magicalarcher57 has 30 seconds left.\n|inactive|magicalarcher57 has 20 seconds left.\n|\n|t:|1776526760\n|detailschange|p2b: Kangaskhan|Kangaskhan-Mega, L50, F, shiny\n|-mega|p2b: Kangaskhan|Kangaskhan|Kangaskhanite\n|move|p2a: Ryoiki Tenkai|Hyper Voice|p1b: Garchomp|[spread] p1a,p1b\n|-resisted|p1a: Corviknight|1\n|-damage|p1a: Corviknight|74/100\n|-damage|p1b: Garchomp|67/100\n|move|p2b: Kangaskhan|Hammer Arm|p1a: Corviknight|[miss]\n|-miss|p2b: Kangaskhan|p1a: Corviknight\n|move|p1a: Corviknight|Brave Bird|p2a: Ryoiki Tenkai\n|-damage|p2a: Ryoiki Tenkai|28/100\n|-damage|p1a: Corviknight|61/100|[from] Recoil\n|move|p1b: Garchomp|Earthquake|p2b: Kangaskhan|[spread] p2a,p2b\n|-immune|p1a: Corviknight\n|-damage|p2a: Ryoiki Tenkai|0 fnt\n|-damage|p2b: Kangaskhan|31/100\n|faint|p2a: Ryoiki Tenkai\n|\n|upkeep\n|\n|t:|1776526765\n|switch|p2a: Floette|Floette-Eternal, L50, F|100/100\n|turn|3\n|l|@Therazer456\n|inactive|tacazmacaz has 30 seconds left.\n|\n|t:|1776526790\n|switch|p1b: Primarina|Primarina, L50, M|100/100\n|move|p2b: Kangaskhan|Hammer Arm|p1a: Corviknight\n|-damage|p1a: Corviknight|29/100\n|-unboost|p2b: Kangaskhan|spe|1\n|-enditem|p1a: Corviknight|Sitrus Berry|[eat]\n|-heal|p1a: Corviknight|54/100|[from] item: Sitrus Berry\n|-damage|p1a: Corviknight|46/100\n|-unboost|p2b: Kangaskhan|spe|1\n|-hitcount|p1a: Corviknight|2\n|move|p1a: Corviknight|Iron Head|p2a: Floette\n|-supereffective|p2a: Floette|1\n|-damage|p2a: Floette|29/100\n|move|p2a: Floette|Dazzling Gleam|p1a: Corviknight|[spread] p1a,p1b\n|-resisted|p1a: Corviknight|1\n|-damage|p1a: Corviknight|29/100\n|-damage|p1b: Primarina|70/100\n|\n|upkeep\n|turn|4\n|\n|t:|1776526812\n|move|p2b: Kangaskhan|Double-Edge|p1b: Primarina\n|-damage|p1b: Primarina|0 fnt\n|faint|p1b: Primarina\n|-hitcount|p1: Primarina|1\n|-damage|p2b: Kangaskhan|10/100|[from] Recoil\n|move|p1a: Corviknight|Iron Head|p2a: Floette\n|-supereffective|p2a: Floette|1\n|-damage|p2a: Floette|0 fnt\n|faint|p2a: Floette\n|\n|upkeep\n|\n|t:|1776526824\n|switch|p1b: Charizard|Charizard, L50, F|100/100\n|switch|p2a: Sneasler|Sneasler, L50, M, shiny|100/100\n|turn|5\n|\n|t:|1776526834\n|move|p1b: Charizard|Protect|p1b: Charizard\n|-singleturn|p1b: Charizard|Protect\n|move|p2a: Sneasler|Fake Out|p1b: Charizard\n|-activate|p1b: Charizard|move: Protect\n|move|p2b: Kangaskhan|Hammer Arm|p1a: Corviknight\n|-damage|p1a: Corviknight|0 fnt\n|-unboost|p2b: Kangaskhan|spe|1\n|faint|p1a: Corviknight\n|-hitcount|p1: Corviknight|1\n|\n|-fieldend|move: Trick Room\n|upkeep\n|\n|t:|1776526847\n|switch|p1a: Garchomp|Garchomp, L50, M|67/100\n|turn|6\n|-message|magicalarcher57 forfeited.\n|\n|win|tacazmacaz\n",
  "uploadtime": 1776526868,
  "views": 14,
  "formatid": "gen9championsvgc2026regma",
  "rating": null,
  "private": 0,
  "password": null
}