{
  "id": "gen9championsvgc2026regma-2581790158",
  "format": "[Gen 9 Champions] VGC 2026 Reg M-A",
  "players": [
    "DMAngel",
    "mudkipc4"
  ],
  "log": "|j|\u2606DMAngel\n|j|\u2606mudkipc4\n|t:|1776028612\n|gametype|doubles\n|player|p1|DMAngel|ginchiyo-conquest|1061\n|player|p2|mudkipc4|pokemaniac|1140\n|gen|9\n|tier|[Gen 9 Champions] VGC 2026 Reg M-A\n|rated|\n|rule|Species Clause: Limit one of each Pok\u00e9mon\n|rule|Item Clause: Limit 1 of each item\n|clearpoke\n|poke|p1|Dragonite, L50, M|\n|poke|p1|Dragapult, L50, M|\n|poke|p1|Goodra-Hisui, L50, F|\n|poke|p1|Kommo-o, L50, M|\n|poke|p1|Hydrapple, L50, M|\n|poke|p1|Noivern, L50, M|\n|poke|p2|Sneasler, L50, M|\n|poke|p2|Starmie, L50|\n|poke|p2|Talonflame, L50, M|\n|poke|p2|Pelipper, L50, M|\n|poke|p2|Archaludon, L50, F|\n|poke|p2|Tyranitar, L50, M|\n|teampreview|4\nmudkipc4 has agreed to open team sheets.\n|\n|t:|1776028643\n|teamsize|p1|4\n|teamsize|p2|4\n|start\n|switch|p1a: Hydrapple|Hydrapple, L50, M, shiny|100/100\n|switch|p1b: Noivern|Noivern, L50, M|100/100\n|switch|p2a: Talonflame|Talonflame, L50, M|100/100\n|switch|p2b: Tyranitar|Tyranitar, L50, M|100/100\n|-item|p2a: Talonflame|Sharp Beak|[from] ability: Frisk|[of] p1b: Noivern\n|-item|p2b: Tyranitar|Choice Scarf|[from] ability: Frisk|[of] p1b: Noivern\n|-weather|Sandstorm|[from] ability: Sand Stream|[of] p2b: Tyranitar\n|-ability|p1a: Hydrapple|Supersweet Syrup\n|-unboost|p2a: Talonflame|evasion|1\n|-unboost|p2b: Tyranitar|evasion|1\n|turn|1\n|\n|t:|1776028685\n|move|p2a: Talonflame|Tailwind|p2a: Talonflame\n|-sidestart|p2: mudkipc4|move: Tailwind\n|move|p2b: Tyranitar|Ice Punch|p1b: Noivern\n|-supereffective|p1b: Noivern|2\n|-damage|p1b: Noivern|0 fnt\n|faint|p1b: Noivern\n|move|p1a: Hydrapple|Syrup Bomb|p2b: Tyranitar\n|-supereffective|p2b: Tyranitar|1\n|-damage|p2b: Tyranitar|69/100\n|-start|p2b: Tyranitar|Syrup Bomb\n|\n|-weather|Sandstorm|[upkeep]\n|-damage|p2a: Talonflame|94/100|[from] Sandstorm\n|-damage|p1a: Hydrapple|94/100|[from] Sandstorm\n|-unboost|p2b: Tyranitar|spe|1\n|upkeep\n|\n|t:|1776028699\n|switch|p1b: Kommo-o|Kommo-o, L50, M|100/100\n|turn|2\n|\n|t:|1776028712\n|move|p2a: Talonflame|Dual Wingbeat|p1b: Kommo-o\n|-supereffective|p1b: Kommo-o|1\n|-damage|p1b: Kommo-o|73/100\n|-supereffective|p1b: Kommo-o|1\n|-damage|p1b: Kommo-o|43/100\n|-hitcount|p1b: Kommo-o|2\n|move|p2b: Tyranitar|Ice Punch|p1b: Kommo-o\n|-supereffective|p1b: Kommo-o|1\n|-damage|p1b: Kommo-o|0 fnt\n|faint|p1b: Kommo-o\n|move|p1a: Hydrapple|Syrup Bomb|p2a: Talonflame\n|-resisted|p2a: Talonflame|2\n|-damage|p2a: Talonflame|85/100\n|-start|p2a: Talonflame|Syrup Bomb\n|\n|-weather|Sandstorm|[upkeep]\n|-damage|p2a: Talonflame|79/100|[from] Sandstorm\n|-damage|p1a: Hydrapple|88/100|[from] Sandstorm\n|-unboost|p2a: Talonflame|spe|1\n|-unboost|p2b: Tyranitar|spe|1\n|upkeep\n|\n|t:|1776028720\n|switch|p1b: Dragonite|Dragonite, L50, M|100/100\n|turn|3\n|\n|t:|1776028733\n|detailschange|p1b: Dragonite|Dragonite-Mega, L50, M\n|-mega|p1b: Dragonite|Dragonite|Dragoninite\n|move|p2a: Talonflame|Dual Wingbeat|p1b: Dragonite\n|-damage|p1b: Dragonite|92/100\n|-damage|p1b: Dragonite|75/100\n|-hitcount|p1b: Dragonite|2\n|move|p2b: Tyranitar|Ice Punch|p1b: Dragonite\n|-supereffective|p1b: Dragonite|2\n|-damage|p1b: Dragonite|0 fnt\n|faint|p1b: Dragonite\n|move|p1a: Hydrapple|Syrup Bomb|p2b: Tyranitar\n|-supereffective|p2b: Tyranitar|1\n|-damage|p2b: Tyranitar|37/100\n|\n|-weather|Sandstorm|[upkeep]\n|-damage|p2a: Talonflame|72/100|[from] Sandstorm\n|-damage|p1a: Hydrapple|82/100|[from] Sandstorm\n|-unboost|p2a: Talonflame|spe|1\n|-unboost|p2b: Tyranitar|spe|1\n|upkeep\n|turn|4\n|-message|DMAngel forfeited.\n|\n|win|mudkipc4\n|raw|DMAngel's rating: 1061 &rarr; <strong>1046</strong><br />(-15 for losing)\n|raw|mudkipc4's rating: 1140 &rarr; <strong>1159</strong><br />(+19 for winning)\n|l|\u2606DMAngel\n|player|p1|\n",
  "uploadtime": 1776028756,
  "views": 12,
  "formatid": "gen9championsvgc2026regma",
  "rating": 1046,
  "private": 0,
  "password": null
}