{
  "id": "gen9championsvgc2026regma-2588481420",
  "format": "[Gen 9 Champions] VGC 2026 Reg M-A",
  "players": [
    "sdlt 2krl coolguy",
    "odegaardlover"
  ],
  "log": "|raw|<div class=\"broadcast-blue\"><strong>This battle is required to be public due to a player having a name starting with 'sdlt'.</div>\n|j|\u2606sdlt 2krl coolguy\n|j|\u2606odegaardlover\n|t:|1776637404\n|gametype|doubles\n|player|p1|sdlt 2krl coolguy|leon-masters2|1288\n|player|p2|odegaardlover|169|1347\n|gen|9\n|tier|[Gen 9 Champions] VGC 2026 Reg M-A\n|rated|\n|rule|Species Clause: Limit one of each Pok\u00e9mon\n|rule|Item Clause: Limit 1 of each item\n|clearpoke\n|poke|p1|Incineroar, L50, M|\n|poke|p1|Hatterene, L50, F, shiny|\n|poke|p1|Farigiraf, L50, M|\n|poke|p1|Torkoal, L50, F, shiny|\n|poke|p1|Kingambit, L50, M|\n|poke|p1|Charizard, L50, M|\n|poke|p2|Gengar, L50, F, shiny|\n|poke|p2|Archaludon, L50, M|\n|poke|p2|Kingambit, L50, F|\n|poke|p2|Garchomp, L50, M, shiny|\n|poke|p2|Whimsicott, L50, F|\n|poke|p2|Rotom-Wash, L50|\n|teampreview|4\n|inactive|Battle timer is ON: inactive players will automatically lose when time's up. (requested by sdlt 2krl coolguy)\n|inactive|sdlt 2krl coolguy has 60 seconds left.\n|inactive|odegaardlover has 60 seconds left.\n|inactive|odegaardlover has 30 seconds left.\n|inactive|odegaardlover has 20 seconds left.\n|inactive|odegaardlover has 15 seconds left.\n|inactive|odegaardlover has 10 seconds left.\n|inactive|odegaardlover has 5 seconds left.\n|\n|t:|1776637490\n|teamsize|p1|4\n|teamsize|p2|4\n|start\n|switch|p1a: Incineroar|Incineroar, L50, M|100/100\n|switch|p1b: Farigiraf|Farigiraf, L50, M|100/100\n|switch|p2a: Kingambit|Kingambit, L50, F|100/100\n|switch|p2b: Rotom|Rotom-Wash, L50|100/100\n|-ability|p1a: Incineroar|Intimidate|boost\n|-unboost|p2a: Kingambit|atk|1\n|-ability|p2a: Kingambit|Defiant|boost\n|-boost|p2a: Kingambit|atk|2\n|-unboost|p2b: Rotom|atk|1\n|turn|1\n|\n|t:|1776637504\n|move|p2b: Rotom|Hydro Pump|p1a: Incineroar\n|-supereffective|p1a: Incineroar|1\n|-damage|p1a: Incineroar|25/100\n|move|p1a: Incineroar|Close Combat|p2a: Kingambit\n|-supereffective|p2a: Kingambit|2\n|-enditem|p2a: Kingambit|Chople Berry|[eat]\n|-enditem|p2a: Kingambit|Chople Berry|[weaken]\n|-damage|p2a: Kingambit|35/100\n|-unboost|p1a: Incineroar|def|1\n|-unboost|p1a: Incineroar|spd|1\n|move|p2a: Kingambit|Kowtow Cleave|p1b: Farigiraf\n|-supereffective|p1b: Farigiraf|1\n|-damage|p1b: Farigiraf|0 fnt\n|faint|p1b: Farigiraf\n|\n|upkeep\n|\n|t:|1776637516\n|switch|p1b: Hatterene|Hatterene, L50, F, shiny|100/100\n|turn|2\n|\n|t:|1776637521\n|move|p2b: Rotom|Volt Switch|p1a: Incineroar\n|-damage|p1a: Incineroar|0 fnt\n|faint|p1a: Incineroar\n|\n|t:|1776637524\n|switch|p2b: Whimsicott|Whimsicott, L50, F|100/100|[from] Volt Switch\n|move|p2a: Kingambit|Iron Head|p1b: Hatterene\n|-supereffective|p1b: Hatterene|1\n|-damage|p1b: Hatterene|0 fnt\n|faint|p1b: Hatterene\n|\n|upkeep\n|-message|sdlt 2krl coolguy forfeited.\n|\n|win|odegaardlover\n|raw|sdlt 2krl coolguy's rating: 1288 &rarr; <strong>1267</strong><br />(-21 for losing)\n|raw|odegaardlover's rating: 1347 &rarr; <strong>1364</strong><br />(+17 for winning)\n",
  "uploadtime": 1776637528,
  "views": 11,
  "formatid": "gen9championsvgc2026regma",
  "rating": 1267,
  "private": 0,
  "password": null
}