{
  "id": "gen9championsvgc2026regma-2583196440",
  "format": "[Gen 9 Champions] VGC 2026 Reg M-A",
  "players": [
    "A Wild Kad",
    "tangorella"
  ],
  "log": "|j|\u2606A Wild Kad\n|j|\u2606tangorella\n|t:|1776153553\n|gametype|doubles\n|player|p1|A Wild Kad|gambler|1074\n|player|p2|tangorella|102|1000\n|gen|9\n|tier|[Gen 9 Champions] VGC 2026 Reg M-A\n|rated|\n|rule|Species Clause: Limit one of each Pok\u00e9mon\n|rule|Item Clause: Limit 1 of each item\n|clearpoke\n|poke|p1|Lycanroc-Dusk, L50, F|\n|poke|p1|Sneasler, L50, F|\n|poke|p1|Abomasnow, L50, M|\n|poke|p1|Farigiraf, L50, M|\n|poke|p1|Pangoro, L50, M|\n|poke|p1|Sylveon, L50, F|\n|poke|p2|Dragonite, L50, M|\n|poke|p2|Weavile, L50, M|\n|poke|p2|Tinkaton, L50, F|\n|poke|p2|Sinistcha, L50|\n|poke|p2|Heliolisk, L50, M|\n|poke|p2|Volcarona, L50, M|\n|teampreview|4\ntangorella rejected open team sheets.\n|\n|t:|1776153597\n|teamsize|p1|4\n|teamsize|p2|4\n|start\n|switch|p1a: Farigiraf|Farigiraf, L50, M|100/100\n|switch|p1b: Sneasler|Sneasler, L50, F|100/100\n|switch|p2a: Tinkaton|Tinkaton, L50, F|100/100\n|switch|p2b: Weavile|Weavile, L50, M|100/100\n|turn|1\n|\n|t:|1776153657\n|move|p2b: Weavile|Fake Out||[still]\n|cant|p1a: Farigiraf|ability: Armor Tail|Fake Out|[of] p2b: Weavile\n|move|p2a: Tinkaton|Fake Out||[still]\n|cant|p1a: Farigiraf|ability: Armor Tail|Fake Out|[of] p2a: Tinkaton\n|move|p1b: Sneasler|Close Combat|p2b: Weavile\n|-supereffective|p2b: Weavile|2\n|-enditem|p2b: Weavile|Focus Sash\n|-damage|p2b: Weavile|1/100\n|-unboost|p1b: Sneasler|def|1\n|-unboost|p1b: Sneasler|spd|1\n|-status|p2b: Weavile|psn|[from] ability: Poison Touch|[of] p1b: Sneasler\n|-enditem|p1b: Sneasler|Focus Sash|[silent]|[from] ability: Pickpocket|[of] p1b: Sneasler\n|-item|p2b: Weavile|Focus Sash|[from] ability: Pickpocket|[of] p1b: Sneasler\n|move|p1a: Farigiraf|Trick Room|p1a: Farigiraf\n|-fieldstart|move: Trick Room|[of] p1a: Farigiraf\n|\n|-damage|p2b: Weavile|0 fnt|[from] psn\n|faint|p2b: Weavile\n|upkeep\n|\n|t:|1776153674\n|switch|p2b: Dragonite|Dragonite, L50, M|100/100\n|turn|2\n|\n|t:|1776153708\n|switch|p1b: Sylveon|Sylveon, L50, F|100/100\n|detailschange|p2b: Dragonite|Dragonite-Mega, L50, M\n|-mega|p2b: Dragonite|Dragonite|Dragoninite\n|move|p1a: Farigiraf|Charge Beam|p2b: Dragonite|[miss]\n|-miss|p1a: Farigiraf|p2b: Dragonite\n|move|p2a: Tinkaton|Gigaton Hammer|p1a: Farigiraf\n|-damage|p1a: Farigiraf|26/100\n|-enditem|p1a: Farigiraf|Sitrus Berry|[eat]\n|-heal|p1a: Farigiraf|51/100|[from] item: Sitrus Berry\n|move|p2b: Dragonite|Draco Meteor|p1b: Sylveon\n|-immune|p1b: Sylveon\n|\n|upkeep\n|turn|3\n|\n|t:|1776153757\n|move|p1a: Farigiraf|Hyper Voice|p2b: Dragonite|[spread] p2a,p2b\n|-resisted|p2a: Tinkaton|1\n|-damage|p2a: Tinkaton|83/100\n|-damage|p2b: Dragonite|85/100\n|move|p1b: Sylveon|Mystical Fire|p2a: Tinkaton\n|-supereffective|p2a: Tinkaton|1\n|-damage|p2a: Tinkaton|25/100\n|-unboost|p2a: Tinkaton|spa|1\n|move|p2a: Tinkaton|Play Rough|p1a: Farigiraf\n|-damage|p1a: Farigiraf|17/100\n|move|p2b: Dragonite|Air Slash|p1b: Sylveon|[miss]\n|-miss|p2b: Dragonite|p1b: Sylveon\n|\n|upkeep\n|turn|4\n|\n|t:|1776153800\n|move|p1b: Sylveon|Hyper Voice|p2a: Tinkaton|[spread] p2a,p2b\n|-resisted|p2a: Tinkaton|1\n|-supereffective|p2b: Dragonite|1\n|-damage|p2a: Tinkaton|0 fnt\n|-damage|p2b: Dragonite|2/100\n|faint|p2a: Tinkaton\n|move|p1a: Farigiraf|Hyper Voice|p2b: Dragonite\n|-damage|p2b: Dragonite|0 fnt\n|faint|p2b: Dragonite\n|\n|upkeep\n|-message|tangorella forfeited.\n|\n|win|A Wild Kad\n|raw|A Wild Kad's rating: 1074 &rarr; <strong>1097</strong><br />(+23 for winning)\n|raw|tangorella's rating: 1000 &rarr; <strong>1000</strong><br />(+0 for losing)\n|l|\u2606tangorella\n|player|p2|\n",
  "uploadtime": 1776153838,
  "views": 37,
  "formatid": "gen9championsvgc2026regma",
  "rating": 1000,
  "private": 0,
  "password": null
}