{
  "id": "gen9championsvgc2026regma-2585822290",
  "format": "[Gen 9 Champions] VGC 2026 Reg M-A",
  "players": [
    "qtestq",
    "REGONK"
  ],
  "log": "|j|\u2606qtestq\n|j|\u2606REGONK\n|t:|1776373210\n|gametype|doubles\n|player|p1|qtestq|hilbert-wonderlauncher|1137\n|player|p2|REGONK|170|1106\n|gen|9\n|tier|[Gen 9 Champions] VGC 2026 Reg M-A\n|rated|\n|rule|Species Clause: Limit one of each Pok\u00e9mon\n|rule|Item Clause: Limit 1 of each item\n|clearpoke\n|poke|p1|Charizard, L50, F|\n|poke|p1|Milotic, L50, F|\n|poke|p1|Sinistcha, L50|\n|poke|p1|Whimsicott, L50, M|\n|poke|p1|Aegislash, L50, M|\n|poke|p1|Incineroar, L50, M|\n|poke|p2|Sneasler, L50, M|\n|poke|p2|Floette-Eternal, L50, F|\n|poke|p2|Aerodactyl, L50, M|\n|poke|p2|Maushold, L50|\n|poke|p2|Delphox, L50, M|\n|poke|p2|Garchomp, L50, F|\n|teampreview|4\n|\n|t:|1776373247\n|teamsize|p1|4\n|teamsize|p2|4\n|start\n|switch|p1a: Milotic|Milotic, L50, F|100/100\n|switch|p1b: Aegislash|Aegislash, L50, M|100/100\n|switch|p2a: Sneasler|Sneasler, L50, M|100/100\n|switch|p2b: Aerodactyl|Aerodactyl, L50, M|100/100\n|-ability|p2b: Aerodactyl|Unnerve\n|turn|1\n|\n|t:|1776373267\n|move|p2b: Aerodactyl|Tailwind|p2b: Aerodactyl\n|-sidestart|p2: REGONK|move: Tailwind\n|move|p2a: Sneasler|Dire Claw|p1a: Milotic\n|-damage|p1a: Milotic|58/100\n|move|p1a: Milotic|Icy Wind|p2a: Sneasler|[spread] p2a,p2b\n|-supereffective|p2b: Aerodactyl|1\n|-damage|p2a: Sneasler|85/100\n|-damage|p2b: Aerodactyl|69/100\n|-unboost|p2a: Sneasler|spe|1\n|-unboost|p2b: Aerodactyl|spe|1\n|-enditem|p2a: Sneasler|White Herb\n|-clearnegativeboost|p2a: Sneasler|[silent]\n|-formechange|p1b: Aegislash|Aegislash-Blade|\n|move|p1b: Aegislash|Iron Head|p2a: Sneasler\n|-damage|p2a: Sneasler|0 fnt\n|faint|p2a: Sneasler\n|\n|-heal|p1a: Milotic|64/100|[from] item: Leftovers\n|upkeep\n|\n|t:|1776373279\n|switch|p2a: Garchomp|Garchomp, L50, F|100/100\n|turn|2\n|\n|t:|1776373293\n|move|p1b: Aegislash|Wide Guard|p1b: Aegislash\n|-singleturn|p1b: Aegislash|Wide Guard\n|move|p2a: Garchomp|Earthquake|p1a: Milotic|[spread] \n|-activate|p1a: Milotic|move: Wide Guard\n|-activate|p1b: Aegislash|move: Wide Guard\n|-immune|p2b: Aerodactyl\n|move|p2b: Aerodactyl|Rock Slide|p1b: Aegislash|[spread] \n|-activate|p1a: Milotic|move: Wide Guard\n|-activate|p1b: Aegislash|move: Wide Guard\n|move|p1a: Milotic|Ice Beam|p2a: Garchomp\n|-supereffective|p2a: Garchomp|2\n|-damage|p2a: Garchomp|0 fnt\n|faint|p2a: Garchomp\n|\n|-heal|p1a: Milotic|70/100|[from] item: Leftovers\n|upkeep\n|-message|REGONK forfeited.\n|\n|win|qtestq\n|raw|qtestq's rating: 1137 &rarr; <strong>1160</strong><br />(+23 for winning)\n|raw|REGONK's rating: 1106 &rarr; <strong>1083</strong><br />(-23 for losing)\n|l|\u2606REGONK\n|player|p2|\n",
  "uploadtime": 1776373310,
  "views": 26,
  "formatid": "gen9championsvgc2026regma",
  "rating": 1083,
  "private": 0,
  "password": null
}