{
  "id": "gen9championsvgc2026regma-2583300172",
  "format": "[Gen 9 Champions] VGC 2026 Reg M-A",
  "players": [
    "sbeot",
    "giustounaprova"
  ],
  "log": "|j|\u2606sbeot\n|j|\u2606giustounaprova\n|t:|1776164673\n|gametype|doubles\n|player|p1|sbeot|266|1081\n|player|p2|giustounaprova|2|1000\n|gen|9\n|tier|[Gen 9 Champions] VGC 2026 Reg M-A\n|rated|\n|rule|Species Clause: Limit one of each Pok\u00e9mon\n|rule|Item Clause: Limit 1 of each item\n|clearpoke\n|poke|p1|Ceruledge, L50, M|\n|poke|p1|Sinistcha, L50|\n|poke|p1|Scizor, L50, M|\n|poke|p1|Meganium, L50, M|\n|poke|p1|Noivern, L50, M|\n|poke|p1|Toxicroak, L50, M|\n|poke|p2|Oranguru, L50, F|\n|poke|p2|Camerupt, L50, M|\n|poke|p2|Basculegion, L50, M|\n|poke|p2|Conkeldurr, L50, F|\n|poke|p2|Mimikyu, L50, M|\n|poke|p2|Manectric, L50, M|\n|teampreview|4\n|\n|t:|1776164709\n|teamsize|p1|4\n|teamsize|p2|4\n|start\n|switch|p1a: Ceruledge|Ceruledge, L50, M|100/100\n|switch|p1b: Scizor|Scizor, L50, M|100/100\n|switch|p2a: Oranguru|Oranguru, L50, F|100/100\n|switch|p2b: Basculegion|Basculegion, L50, M|100/100\n|turn|1\n|\n|t:|1776164732\n|switch|p1b: Sinistcha|Sinistcha, L50|100/100\n|move|p2b: Basculegion|Flip Turn|p1a: Ceruledge\n|-supereffective|p1a: Ceruledge|1\n|-enditem|p1a: Ceruledge|Focus Sash\n|-damage|p1a: Ceruledge|1/100\n|-ability|p1a: Ceruledge|Weak Armor|boost\n|-unboost|p1a: Ceruledge|def|1\n|-boost|p1a: Ceruledge|spe|2\n|\n|t:|1776164741\n|switch|p2b: Camerupt|Camerupt, L50, M|100/100|[from] Flip Turn\n|move|p1a: Ceruledge|Swords Dance|p1a: Ceruledge\n|-boost|p1a: Ceruledge|atk|2\n|move|p2a: Oranguru|Trick Room|p2a: Oranguru\n|-fieldstart|move: Trick Room|[of] p2a: Oranguru\n|\n|upkeep\n|turn|2\n|\n|t:|1776164766\n|detailschange|p2b: Camerupt|Camerupt-Mega, L50, M\n|-mega|p2b: Camerupt|Camerupt|Cameruptite\n|move|p2b: Camerupt|Eruption|p1b: Sinistcha|[spread] p1a,p1b\n|-resisted|p1a: Ceruledge|1\n|-supereffective|p1b: Sinistcha|1\n|-damage|p1a: Ceruledge|0 fnt\n|-damage|p1b: Sinistcha|0 fnt\n|faint|p1a: Ceruledge\n|faint|p1b: Sinistcha\n|move|p2a: Oranguru|Extrasensory|p1: Ceruledge|[notarget]\n|-fail|p2a: Oranguru\n|\n|upkeep\n|\n|t:|1776164775\n|switch|p1b: Meganium|Meganium, L50, M|100/100\n|switch|p1a: Scizor|Scizor, L50, M|100/100\n|turn|3\n|\n|t:|1776164793\n|switch|p2a: Conkeldurr|Conkeldurr, L50, F|100/100\n|detailschange|p1b: Meganium|Meganium-Mega, L50, M\n|-mega|p1b: Meganium|Meganium|Meganiumite\n|move|p1a: Scizor|Bullet Punch|p2b: Camerupt\n|-resisted|p2b: Camerupt|1\n|-damage|p2b: Camerupt|81/100\n|move|p2b: Camerupt|Eruption|p1a: Scizor|[spread] p1a,p1b\n|-supereffective|p1a: Scizor|2\n|-supereffective|p1b: Meganium|1\n|-damage|p1a: Scizor|0 fnt\n|-damage|p1b: Meganium|0 fnt\n|faint|p1a: Scizor\n|faint|p1b: Meganium\n|\n|win|giustounaprova\n|raw|sbeot's rating: 1081 &rarr; <strong>1054</strong><br />(-27 for losing)\n|raw|giustounaprova's rating: 1000 &rarr; <strong>1049</strong><br />(+49 for winning)\n|l|\u2606sbeot\n|player|p1|\n",
  "uploadtime": 1776164806,
  "views": 24,
  "formatid": "gen9championsvgc2026regma",
  "rating": 1049,
  "private": 0,
  "password": null
}