{
  "id": "gen9championsvgc2026regma-2586400250",
  "format": "[Gen 9 Champions] VGC 2026 Reg M-A",
  "players": [
    "5ttyrtyery",
    "BroDontFuckWithMe"
  ],
  "log": "|j|\u26065ttyrtyery\n|j|\u2606BroDontFuckWithMe\n|t:|1776431968\n|gametype|doubles\n|player|p1|5ttyrtyery|102|1164\n|player|p2|BroDontFuckWithMe|170|1242\n|gen|9\n|tier|[Gen 9 Champions] VGC 2026 Reg M-A\n|rated|\n|rule|Species Clause: Limit one of each Pok\u00e9mon\n|rule|Item Clause: Limit 1 of each item\n|clearpoke\n|poke|p1|Dragonite, L50, F|\n|poke|p1|Garchomp, L50, M|\n|poke|p1|Aerodactyl, L50, F|\n|poke|p1|Basculegion, L50, M|\n|poke|p1|Charizard, L50, M|\n|poke|p1|Skarmory, L50, F|\n|poke|p2|Starmie, L50|\n|poke|p2|Rotom-Heat, L50|\n|poke|p2|Excadrill, L50, M|\n|poke|p2|Sinistcha, L50|\n|poke|p2|Tyranitar, L50, F|\n|poke|p2|Gardevoir, L50, M|\n|teampreview|4\n|inactive|Battle timer is ON: inactive players will automatically lose when time's up. (requested by 5ttyrtyery)\n|\n|t:|1776431992\n|teamsize|p1|4\n|teamsize|p2|4\n|start\n|switch|p1a: Basculegion|Basculegion, L50, M|100/100\n|switch|p1b: Dragonite|Dragonite, L50, F|100/100\n|switch|p2a: Gardevoir|Gardevoir, L50, M|100/100\n|switch|p2b: Starmie|Starmie, L50|100/100\n|turn|1\n|\n|t:|1776432016\n|detailschange|p2b: Starmie|Starmie-Mega, L50\n|-mega|p2b: Starmie|Starmie|Starminite\n|move|p2a: Gardevoir|Icy Wind|p1a: Basculegion|[spread] p1a,p1b\n|-resisted|p1a: Basculegion|1\n|-supereffective|p1b: Dragonite|2\n|-damage|p1a: Basculegion|93/100\n|-damage|p1b: Dragonite|46/100\n|-unboost|p1a: Basculegion|spe|1\n|-unboost|p1b: Dragonite|spe|1\n|move|p2b: Starmie|Zen Headbutt|p1a: Basculegion\n|-damage|p1a: Basculegion|0 fnt\n|faint|p1a: Basculegion\n|move|p1b: Dragonite|Tailwind|p1b: Dragonite\n|-sidestart|p1: 5ttyrtyery|move: Tailwind\n|\n|upkeep\n|\n|t:|1776432033\n|switch|p1a: Aerodactyl|Aerodactyl, L50, F|100/100\n|turn|2\n|\n|t:|1776432046\n|detailschange|p1a: Aerodactyl|Aerodactyl-Mega, L50, F\n|-mega|p1a: Aerodactyl|Aerodactyl|Aerodactylite\n|move|p2b: Starmie|Aqua Jet|p1a: Aerodactyl\n|-supereffective|p1a: Aerodactyl|1\n|-damage|p1a: Aerodactyl|16/100\n|move|p1a: Aerodactyl|Dual Wingbeat|p2b: Starmie|[miss]\n|-miss|p1a: Aerodactyl|p2b: Starmie\n|move|p2a: Gardevoir|Icy Wind|p1b: Dragonite|[spread] p1a,p1b\n|-supereffective|p1a: Aerodactyl|1\n|-supereffective|p1b: Dragonite|2\n|-damage|p1a: Aerodactyl|0 fnt\n|-damage|p1b: Dragonite|0 fnt\n|faint|p1a: Aerodactyl\n|faint|p1b: Dragonite\n|\n|upkeep\n|-message|5ttyrtyery forfeited.\n|\n|win|BroDontFuckWithMe\n|raw|5ttyrtyery's rating: 1164 &rarr; <strong>1145</strong><br />(-19 for losing)\n|raw|BroDontFuckWithMe's rating: 1242 &rarr; <strong>1261</strong><br />(+19 for winning)\n|l|\u26065ttyrtyery\n|player|p1|\n",
  "uploadtime": 1776432064,
  "views": 28,
  "formatid": "gen9championsvgc2026regma",
  "rating": 1145,
  "private": 0,
  "password": null
}