{
  "id": "gen9championsvgc2026regma-2586917717",
  "format": "[Gen 9 Champions] VGC 2026 Reg M-A",
  "players": [
    "RRCS",
    "thecoincollectr"
  ],
  "log": "|j|\u2606RRCS\n|j|\u2606thecoincollectr\n|t:|1776471650\n|gametype|doubles\n|player|p1|RRCS|1|1064\n|player|p2|thecoincollectr|169|1044\n|gen|9\n|tier|[Gen 9 Champions] VGC 2026 Reg M-A\n|rated|\n|rule|Species Clause: Limit one of each Pok\u00e9mon\n|rule|Item Clause: Limit 1 of each item\n|clearpoke\n|poke|p1|Tyranitar, L50, F|\n|poke|p1|Garchomp, L50, F|\n|poke|p1|Corviknight, L50, M|\n|poke|p1|Sneasler, L50, M|\n|poke|p1|Sinistcha, L50|\n|poke|p1|Rotom-Wash, L50|\n|poke|p2|Garchomp, L50, M|\n|poke|p2|Aerodactyl, L50, M|\n|poke|p2|Sneasler, L50, F|\n|poke|p2|Tyranitar, L50, F|\n|poke|p2|Basculegion, L50, M|\n|poke|p2|Crabominable, L50, F|\n|teampreview|4\n|inactive|Battle timer is ON: inactive players will automatically lose when time's up. (requested by thecoincollectr)\nthecoincollectr rejected open team sheets.\n|\n|t:|1776471699\n|teamsize|p1|4\n|teamsize|p2|4\n|start\n|switch|p1a: Rotom|Rotom-Wash, L50|100/100\n|switch|p1b: Sneasler|Sneasler, L50, M|100/100\n|switch|p2a: Garchomp|Garchomp, L50, M|100/100\n|switch|p2b: Aerodactyl|Aerodactyl, L50, M|100/100\n|-ability|p2b: Aerodactyl|Unnerve\n|turn|1\n|inactive|thecoincollectr has 30 seconds left.\n|inactive|thecoincollectr has 20 seconds left.\n|inactive|RRCS has 30 seconds left.\n|inactive|thecoincollectr has 15 seconds left.\n|inactive|thecoincollectr has 10 seconds left.\n|inactive|thecoincollectr has 5 seconds left.\n|\n|t:|1776471753\n|switch|p1b: Corviknight|Corviknight, L50, M|100/100\n|move|p2b: Aerodactyl|Rock Slide|p1b: Corviknight|[spread] p1a,p1b\n|-damage|p1a: Rotom|72/100\n|-damage|p1b: Corviknight|78/100\n|move|p2a: Garchomp|Earthquake|p1a: Rotom|[spread] \n|-immune|p2b: Aerodactyl\n|-immune|p1a: Rotom|[from] ability: Levitate\n|-immune|p1b: Corviknight\n|move|p1a: Rotom|Hydro Pump|p2b: Aerodactyl|[miss]\n|-miss|p1a: Rotom|p2b: Aerodactyl\n|\n|upkeep\n|turn|2\n|inactive|RRCS has 30 seconds left.\n|\n|t:|1776471788\n|move|p2b: Aerodactyl|Rock Slide|p1a: Rotom|[spread] p1a,p1b\n|-damage|p1a: Rotom|46/100\n|-damage|p1b: Corviknight|57/100\n|move|p2a: Garchomp|Rock Slide|p1b: Corviknight|[spread] p1b\n|-miss|p2a: Garchomp|p1a: Rotom\n|-damage|p1b: Corviknight|39/100\n|cant|p1a: Rotom|flinch\n|cant|p1b: Corviknight|flinch\n|\n|upkeep\n|turn|3\n|\n|t:|1776471808\n|move|p2b: Aerodactyl|Rock Slide|p1a: Rotom|[spread] p1a,p1b\n|-damage|p1a: Rotom|22/100\n|-damage|p1b: Corviknight|18/100\n|move|p2a: Garchomp|Rock Slide|p1b: Corviknight|[spread] p1a\n|-miss|p2a: Garchomp|p1b: Corviknight\n|-damage|p1a: Rotom|0 fnt\n|faint|p1a: Rotom\n|cant|p1b: Corviknight|flinch\n|\n|upkeep\n|-message|RRCS forfeited.\n|\n|win|thecoincollectr\n|raw|RRCS's rating: 1064 &rarr; <strong>1043</strong><br />(-21 for losing)\n|raw|thecoincollectr's rating: 1044 &rarr; <strong>1079</strong><br />(+35 for winning)\n|l|\u2606RRCS\n|player|p1|\n",
  "uploadtime": 1776471828,
  "views": 28,
  "formatid": "gen9championsvgc2026regma",
  "rating": 1043,
  "private": 0,
  "password": null
}