{
  "id": "gen9championsvgc2026regma-2588838920",
  "format": "[Gen 9 Champions] VGC 2026 Reg M-A",
  "players": [
    "sagapocalypse1",
    "TheMoonestOne"
  ],
  "log": "|j|\u2606sagapocalypse1\n|j|\u2606TheMoonestOne\n|t:|1776677100\n|gametype|doubles\n|player|p1|sagapocalypse1|hilda|1154\n|player|p2|TheMoonestOne|265|1216\n|gen|9\n|tier|[Gen 9 Champions] VGC 2026 Reg M-A\n|rated|\n|rule|Species Clause: Limit one of each Pok\u00e9mon\n|rule|Item Clause: Limit 1 of each item\n|clearpoke\n|poke|p1|Delphox, L50, M|\n|poke|p1|Whimsicott, L50, F|\n|poke|p1|Milotic, L50, F|\n|poke|p1|Aegislash, L50, M|\n|poke|p1|Krookodile, L50, M|\n|poke|p1|Talonflame, L50, M|\n|poke|p2|Araquanid, L50, F|\n|poke|p2|Scizor, L50, F|\n|poke|p2|Volcarona, L50, F|\n|poke|p2|Kleavor, L50, F|\n|poke|p2|Vivillon, L50, M|\n|poke|p2|Beedrill, L50, F|\n|teampreview|4\n|inactive|Battle timer is ON: inactive players will automatically lose when time's up. (requested by sagapocalypse1)\n|\n|t:|1776677139\n|teamsize|p1|4\n|teamsize|p2|4\n|start\n|switch|p1a: Krookodile|Krookodile, L50, M|100/100\n|switch|p1b: Talonflame|Talonflame, L50, M|100/100\n|switch|p2a: Vivillon|Vivillon, L50, M|100/100\n|switch|p2b: Araquanid|Araquanid, L50, F|100/100\n|-ability|p1a: Krookodile|Intimidate|boost\n|-unboost|p2a: Vivillon|atk|1\n|-unboost|p2b: Araquanid|atk|1\n|-enditem|p2b: Araquanid|White Herb\n|-clearnegativeboost|p2b: Araquanid|[silent]\n|turn|1\n|\n|t:|1776677155\n|move|p2a: Vivillon|Rage Powder|p2a: Vivillon\n|-singleturn|p2a: Vivillon|move: Rage Powder\n|move|p1b: Talonflame|Dual Wingbeat|p2a: Vivillon|[miss]\n|-miss|p1b: Talonflame|p2a: Vivillon\n|move|p1a: Krookodile|Rock Slide|p2b: Araquanid|[spread] p2a,p2b\n|-supereffective|p2a: Vivillon|2\n|-supereffective|p2b: Araquanid|1\n|-enditem|p2a: Vivillon|Focus Sash\n|-damage|p2a: Vivillon|1/100\n|-damage|p2b: Araquanid|70/100\n|move|p2b: Araquanid|Liquidation|p1a: Krookodile\n|-supereffective|p1a: Krookodile|1\n|-damage|p1a: Krookodile|0 fnt\n|faint|p1a: Krookodile\n|\n|upkeep\n|\n|t:|1776677167\n|switch|p1a: Delphox|Delphox, L50, M|100/100\n|turn|2\n|\n|t:|1776677185\n|detailschange|p1a: Delphox|Delphox-Mega, L50, M\n|-mega|p1a: Delphox|Delphox|Delphoxite\n|move|p2a: Vivillon|Rage Powder|p2a: Vivillon\n|-singleturn|p2a: Vivillon|move: Rage Powder\n|move|p1b: Talonflame|Dual Wingbeat|p2a: Vivillon\n|-supereffective|p2a: Vivillon|1\n|-damage|p2a: Vivillon|0 fnt\n|faint|p2a: Vivillon\n|-hitcount|p2: Vivillon|1\n|move|p1a: Delphox|Calm Mind|p1a: Delphox\n|-boost|p1a: Delphox|spa|1\n|-boost|p1a: Delphox|spd|1\n|move|p2b: Araquanid|Liquidation|p1a: Delphox\n|-supereffective|p1a: Delphox|1\n|-damage|p1a: Delphox|0 fnt\n|faint|p1a: Delphox\n|\n|upkeep\n|\n|t:|1776677203\n|switch|p1a: Whimsicott|Whimsicott, L50, F|100/100\n|switch|p2a: Kleavor|Kleavor, L50, F|100/100\n|turn|3\n|\n|t:|1776677215\n|move|p1b: Talonflame|Dual Wingbeat|p2b: Araquanid\n|-supereffective|p2b: Araquanid|1\n|-damage|p2b: Araquanid|35/100\n|-supereffective|p2b: Araquanid|1\n|-damage|p2b: Araquanid|1/100\n|-hitcount|p2b: Araquanid|2\n|move|p2a: Kleavor|Stone Axe|p1b: Talonflame\n|-supereffective|p1b: Talonflame|2\n|-enditem|p1b: Talonflame|Charti Berry|[eat]\n|-enditem|p1b: Talonflame|Charti Berry|[weaken]\n|-damage|p1b: Talonflame|0 fnt\n|-sidestart|p1: sagapocalypse1|move: Stealth Rock\n|faint|p1b: Talonflame\n|move|p1a: Whimsicott|Dazzling Gleam|p2a: Kleavor|[spread] p2a,p2b\n|-crit|p2b: Araquanid\n|-damage|p2a: Kleavor|74/100\n|-damage|p2b: Araquanid|0 fnt\n|faint|p2b: Araquanid\n|\n|upkeep\n|\n|t:|1776677231\n|switch|p2b: Scizor|Scizor, L50, F|100/100\n|turn|4\n|\n|t:|1776677237\n|detailschange|p2b: Scizor|Scizor-Mega, L50, F\n|-mega|p2b: Scizor|Scizor|Scizorite\n|move|p2b: Scizor|Bullet Punch|p1a: Whimsicott\n|-supereffective|p1a: Whimsicott|1\n|-damage|p1a: Whimsicott|22/100\n|move|p2a: Kleavor|Stone Axe|p1a: Whimsicott\n|-damage|p1a: Whimsicott|0 fnt\n|faint|p1a: Whimsicott\n|\n|win|TheMoonestOne\n|raw|sagapocalypse1's rating: 1154 &rarr; <strong>1133</strong><br />(-21 for losing)\n|raw|TheMoonestOne's rating: 1216 &rarr; <strong>1237</strong><br />(+21 for winning)\n|l|\u2606sagapocalypse1\n|player|p1|\n|c|\u2606TheMoonestOne|gg\n",
  "uploadtime": 1776677252,
  "views": 14,
  "formatid": "gen9championsvgc2026regma",
  "rating": 1133,
  "private": 0,
  "password": null
}