{
  "id": "gen9championsvgc2026regma-2588793648",
  "format": "[Gen 9 Champions] VGC 2026 Reg M-A",
  "players": [
    "Crash0utVGC",
    "wushl_"
  ],
  "log": "|j|\u2606Crash0utVGC\n|j|\u2606wushl_\n|t:|1776671574\n|gametype|doubles\n|player|p1|Crash0utVGC|colress|1246\n|player|p2|wushl_|170|1322\n|gen|9\n|tier|[Gen 9 Champions] VGC 2026 Reg M-A\n|rated|\n|rule|Species Clause: Limit one of each Pok\u00e9mon\n|rule|Item Clause: Limit 1 of each item\n|clearpoke\n|poke|p1|Charizard, L50, F|\n|poke|p1|Sinistcha-Masterpiece, L50|\n|poke|p1|Tyranitar, L50, M, shiny|\n|poke|p1|Incineroar, L50, M|\n|poke|p1|Milotic, L50, M, shiny|\n|poke|p1|Sneasler, L50, F, shiny|\n|poke|p2|Charizard, L50, F|\n|poke|p2|Garchomp, L50, F|\n|poke|p2|Sneasler, L50, F|\n|poke|p2|Whimsicott, L50, M|\n|poke|p2|Kingambit, L50, F|\n|poke|p2|Farigiraf, L50, F|\n|teampreview|4\n|\n|t:|1776671616\n|teamsize|p1|4\n|teamsize|p2|4\n|start\n|switch|p1a: Milotic|Milotic, L50, M, shiny|100/100\n|switch|p1b: Tyranitar|Tyranitar, L50, M, shiny|100/100\n|switch|p2a: Sneasler|Sneasler, L50, F|100/100\n|switch|p2b: Garchomp|Garchomp, L50, F|100/100\n|-weather|Sandstorm|[from] ability: Sand Stream|[of] p1b: Tyranitar\n|turn|1\n|\n|t:|1776671630\n|move|p1b: Tyranitar|Protect|p1b: Tyranitar\n|-singleturn|p1b: Tyranitar|Protect\n|move|p2a: Sneasler|Fake Out|p1a: Milotic\n|-damage|p1a: Milotic|85/100\n|move|p2b: Garchomp|Stomping Tantrum|p1a: Milotic\n|-damage|p1a: Milotic|41/100\n|cant|p1a: Milotic|flinch\n|\n|-weather|Sandstorm|[upkeep]\n|-damage|p2a: Sneasler|94/100|[from] Sandstorm\n|-damage|p1a: Milotic|35/100|[from] Sandstorm\n|-heal|p1a: Milotic|41/100|[from] item: Leftovers\n|upkeep\n|turn|2\n|\n|t:|1776671650\n|switch|p1b: Sinistcha|Sinistcha-Masterpiece, L50|100/100\n|-heal|p1a: Milotic|65/100|[from] ability: Hospitality|[of] p1b: Sinistcha\n|move|p2b: Garchomp|Stomping Tantrum|p1a: Milotic\n|-damage|p1a: Milotic|20/100\n|move|p2a: Sneasler|Dire Claw|p1a: Milotic\n|-damage|p1a: Milotic|0 fnt\n|faint|p1a: Milotic\n|\n|-weather|Sandstorm|[upkeep]\n|-damage|p2a: Sneasler|88/100|[from] Sandstorm\n|-damage|p1b: Sinistcha|94/100|[from] Sandstorm\n|upkeep\n|-message|Crash0utVGC forfeited.\n|\n|win|wushl_\n|raw|Crash0utVGC's rating: 1246 &rarr; <strong>1226</strong><br />(-20 for losing)\n|raw|wushl_'s rating: 1322 &rarr; <strong>1338</strong><br />(+16 for winning)\n",
  "uploadtime": 1776671661,
  "views": 9,
  "formatid": "gen9championsvgc2026regma",
  "rating": 1226,
  "private": 0,
  "password": null
}