{
  "id": "gen9championsvgc2026regma-2583757850",
  "format": "[Gen 9 Champions] VGC 2026 Reg M-A",
  "players": [
    "aidenisprettycool",
    "yuriimon"
  ],
  "log": "|j|\u2606aidenisprettycool\n|j|\u2606yuriimon\n|t:|1776195677\n|gametype|doubles\n|player|p1|aidenisprettycool|ltsurge|1048\n|player|p2|yuriimon|waitress-gen4|1014\n|gen|9\n|tier|[Gen 9 Champions] VGC 2026 Reg M-A\n|rated|\n|rule|Species Clause: Limit one of each Pok\u00e9mon\n|rule|Item Clause: Limit 1 of each item\n|clearpoke\n|poke|p1|Snorlax, L50, F|\n|poke|p1|Hatterene, L50, F|\n|poke|p1|Alakazam, L50, F|\n|poke|p1|Incineroar, L50, M|\n|poke|p1|Torkoal, L50, M|\n|poke|p1|Gengar, L50, M|\n|poke|p2|Glimmora, L50, F|\n|poke|p2|Incineroar, L50, M|\n|poke|p2|Archaludon, L50, F|\n|poke|p2|Politoed, L50, M|\n|poke|p2|Basculegion, L50, M|\n|poke|p2|Chesnaught, L50, F|\n|teampreview|4\n|inactive|Battle timer is ON: inactive players will automatically lose when time's up. (requested by yuriimon)\n|inactive|yuriimon has 60 seconds left.\naidenisprettycool rejected open team sheets.\n|\n|t:|1776195735\n|teamsize|p1|4\n|teamsize|p2|4\n|start\n|switch|p1a: Snorlax|Snorlax, L50, F|100/100\n|switch|p1b: Alakazam|Alakazam, L50, F|100/100\n|switch|p2a: Glimmora|Glimmora, L50, F|100/100\n|switch|p2b: Incineroar|Incineroar, L50, M|100/100\n|-ability|p2b: Incineroar|Intimidate|boost\n|-unboost|p1a: Snorlax|atk|1\n|-fail|p1b: Alakazam|unboost|Attack|[from] ability: Inner Focus|[of] p1b: Alakazam\n|turn|1\n|inactive|aidenisprettycool has 30 seconds left.\n|inactive|yuriimon has 30 seconds left.\n|inactive|aidenisprettycool has 20 seconds left.\n|\n|t:|1776195775\n|detailschange|p1b: Alakazam|Alakazam-Mega, L50, F\n|-mega|p1b: Alakazam|Alakazam|Alakazite\n|-ability|p1b: Alakazam|Intimidate|Trace|[from] ability: Trace|[of] p2b: Incineroar\n|-ability|p1b: Alakazam|Intimidate|boost\n|-unboost|p2a: Glimmora|atk|1\n|-unboost|p2b: Incineroar|atk|1\n|detailschange|p2a: Glimmora|Glimmora-Mega, L50, F\n|-mega|p2a: Glimmora|Glimmora|Glimmoranite\n|move|p2a: Glimmora|Protect|p2a: Glimmora\n|-singleturn|p2a: Glimmora|Protect\n|move|p1a: Snorlax|Protect|p1a: Snorlax\n|-singleturn|p1a: Snorlax|Protect\n|move|p1b: Alakazam|Speed Swap|p1a: Snorlax\n|-activate|p1a: Snorlax|move: Protect\n|move|p2b: Incineroar|Darkest Lariat|p1b: Alakazam\n|-supereffective|p1b: Alakazam|1\n|-damage|p1b: Alakazam|8/100\n|\n|upkeep\n|turn|2\n|inactive|aidenisprettycool has 30 seconds left.\n|inactive|yuriimon has 30 seconds left.\n|inactive|aidenisprettycool has 20 seconds left.\n|\n|t:|1776195817\n|move|p1b: Alakazam|Speed Swap|p2a: Glimmora\n|-activate|p1b: Alakazam|move: Speed Swap|[of] p2a: Glimmora\n|move|p2a: Glimmora|Sludge Wave|p1b: Alakazam|[spread] p2b,p1a,p1b\n|-damage|p2b: Incineroar|47/100\n|-damage|p1a: Snorlax|64/100\n|-damage|p1b: Alakazam|0 fnt\n|-enditem|p2b: Incineroar|Sitrus Berry|[eat]\n|-heal|p2b: Incineroar|72/100|[from] item: Sitrus Berry\n|faint|p1b: Alakazam\n|move|p2b: Incineroar|Parting Shot|p1a: Snorlax\n|-unboost|p1a: Snorlax|atk|1\n|-unboost|p1a: Snorlax|spa|1\n|\n|t:|1776195830\n|switch|p2b: Archaludon|Archaludon, L50, F|100/100|[from] Parting Shot\n|move|p1a: Snorlax|Brick Break|p2b: Archaludon\n|-supereffective|p2b: Archaludon|1\n|-damage|p2b: Archaludon|81/100\n|-ability|p2b: Archaludon|Stamina|boost\n|-boost|p2b: Archaludon|def|1\n|\n|upkeep\n|-message|aidenisprettycool forfeited.\n|\n|win|yuriimon\n|raw|aidenisprettycool's rating: 1048 &rarr; <strong>1029</strong><br />(-19 for losing)\n|raw|yuriimon's rating: 1014 &rarr; <strong>1056</strong><br />(+42 for winning)\n|l|\u2606aidenisprettycool\n|player|p1|\n",
  "uploadtime": 1776195843,
  "views": 18,
  "formatid": "gen9championsvgc2026regma",
  "rating": 1029,
  "private": 0,
  "password": null
}