{
  "id": "gen9championsvgc2026regma-2581931039",
  "format": "[Gen 9 Champions] VGC 2026 Reg M-A",
  "players": [
    "Torterra Extra",
    "arieltimesfour"
  ],
  "log": "|j|\u2606Torterra Extra\n|j|\u2606arieltimesfour\n|t:|1776040808\n|gametype|doubles\n|player|p1|Torterra Extra|firebreather-gen2|1075\n|player|p2|arieltimesfour|1|1057\n|gen|9\n|tier|[Gen 9 Champions] VGC 2026 Reg M-A\n|rated|\n|rule|Species Clause: Limit one of each Pok\u00e9mon\n|rule|Item Clause: Limit 1 of each item\n|clearpoke\n|poke|p1|Froslass, L50, F|\n|poke|p1|Mr. Rime, L50, F|\n|poke|p1|Ninetales-Alola, L50, M|\n|poke|p1|Greninja-*, L50, F|\n|poke|p1|Chandelure, L50, F|\n|poke|p1|Milotic, L50, M|\n|poke|p2|Morpeko, L50, F|\n|poke|p2|Charizard, L50, M|\n|poke|p2|Whimsicott, L50, M|\n|poke|p2|Sinistcha, L50|\n|poke|p2|Farigiraf, L50, M|\n|poke|p2|Garchomp, L50, F|\n|teampreview|4\n|inactive|Battle timer is ON: inactive players will automatically lose when time's up. (requested by Torterra Extra)\nTorterra Extra rejected open team sheets.\n|\n|t:|1776040835\n|teamsize|p1|4\n|teamsize|p2|4\n|start\n|switch|p1a: Froslass|Froslass, L50, F|100/100\n|switch|p1b: Greninja|Greninja, L50, F|100/100\n|switch|p2a: Morpeko|Morpeko, L50, F|100/100\n|switch|p2b: Garchomp|Garchomp, L50, F|100/100\n|turn|1\n|inactive|arieltimesfour has 30 seconds left.\n|inactive|arieltimesfour has 20 seconds left.\n|\n|t:|1776040871\n|detailschange|p1a: Froslass|Froslass-Mega, L50, F\n|-mega|p1a: Froslass|Froslass|Froslassite\n|-weather|Snowscape|[from] ability: Snow Warning|[of] p1a: Froslass\n|move|p2a: Morpeko|Fake Out|p1b: Greninja\n|-damage|p1b: Greninja|81/100\n|cant|p1b: Greninja|flinch\n|move|p2b: Garchomp|Iron Head|p1a: Froslass\n|-supereffective|p1a: Froslass|1\n|-damage|p1a: Froslass|38/100\n|move|p1a: Froslass|Aurora Veil|p1a: Froslass\n|-sidestart|p1: Torterra Extra|move: Aurora Veil\n|\n|-weather|Snowscape|[upkeep]\n|-formechange|p2a: Morpeko|Morpeko-Hangry|\n|upkeep\n|turn|2\n|\n|t:|1776040894\n|move|p2b: Garchomp|Iron Head|p1a: Froslass\n|-supereffective|p1a: Froslass|1\n|-damage|p1a: Froslass|0 fnt\n|faint|p1a: Froslass\n|move|p1b: Greninja|Blizzard|p2a: Morpeko|[spread] p2a,p2b\n|-start|p1b: Greninja|typechange|Ice|[from] ability: Protean\n|-supereffective|p2b: Garchomp|2\n|-damage|p2a: Morpeko|24/100\n|-damage|p2b: Garchomp|0 fnt\n|faint|p2b: Garchomp\n|move|p2a: Morpeko|Knock Off|p1b: Greninja\n|-damage|p1b: Greninja|49/100\n|-enditem|p1b: Greninja|King's Rock|[from] move: Knock Off|[of] p2a: Morpeko\n|\n|-weather|Snowscape|[upkeep]\n|-formechange|p2a: Morpeko|Morpeko|\n|upkeep\n|\n|t:|1776040915\n|switch|p1a: Mr. Rime|Mr. Rime, L50, F|100/100\n|switch|p2b: Charizard|Charizard, L50, M|100/100\n|turn|3\n|\n|t:|1776040931\n|detailschange|p2b: Charizard|Charizard-Mega-Y, L50, M\n|-mega|p2b: Charizard|Charizard|Charizardite Y\n|-weather|SunnyDay|[from] ability: Drought|[of] p2b: Charizard\n|move|p1a: Mr. Rime|Helping Hand|p1b: Greninja\n|-singleturn|p1b: Greninja|Helping Hand|[of] p1a: Mr. Rime\n|move|p1b: Greninja|Blizzard|p2b: Charizard|[spread] p2a,p2b\n|-damage|p2a: Morpeko|0 fnt\n|-damage|p2b: Charizard|48/100\n|faint|p2a: Morpeko\n|move|p2b: Charizard|Heat Wave|p1b: Greninja|[spread] p1a,p1b\n|-supereffective|p1a: Mr. Rime|1\n|-supereffective|p1b: Greninja|1\n|-damage|p1a: Mr. Rime|13/100\n|-damage|p1b: Greninja|0 fnt\n|-status|p1a: Mr. Rime|brn\n|faint|p1b: Greninja\n|\n|-weather|SunnyDay|[upkeep]\n|-heal|p1a: Mr. Rime|19/100 brn|[from] item: Leftovers\n|-damage|p1a: Mr. Rime|13/100 brn|[from] brn\n|upkeep\n|\n|t:|1776040948\n|switch|p1b: This is Halloween|Chandelure, L50, F, shiny|100/100\n|switch|p2a: Farigiraf|Farigiraf, L50, M|100/100\n|turn|4\n|\n|t:|1776040969\n|move|p1b: This is Halloween|Fire Blast|p2a: Farigiraf\n|-damage|p2a: Farigiraf|0 fnt\n|faint|p2a: Farigiraf\n|move|p2b: Charizard|Scorching Sands|p1b: This is Halloween\n|-supereffective|p1b: This is Halloween|1\n|-damage|p1b: This is Halloween|47/100\n|move|p1a: Mr. Rime|Blizzard|p2b: Charizard\n|-damage|p2b: Charizard|0 fnt\n|faint|p2b: Charizard\n|\n|win|Torterra Extra\n|raw|Torterra Extra's rating: 1075 &rarr; <strong>1102</strong><br />(+27 for winning)\n|raw|arieltimesfour's rating: 1057 &rarr; <strong>1039</strong><br />(-18 for losing)\n|c|\u2606Torterra Extra|Ggs\n|l|\u2606arieltimesfour\n|player|p2|\n|j| w8tahh\n|j| luxray1331\n|j| spindle pit\n",
  "uploadtime": 1776040993,
  "views": 11,
  "formatid": "gen9championsvgc2026regma",
  "rating": 1039,
  "private": 0,
  "password": null
}