{
  "id": "gen9championsvgc2026regma-2586009591",
  "format": "[Gen 9 Champions] VGC 2026 Reg M-A",
  "players": [
    "Saachan46",
    "thunderchloeds"
  ],
  "log": "|j|\u2606Saachan46\n|j|\u2606thunderchloeds\n|t:|1776389905\n|gametype|doubles\n|player|p1|Saachan46|170|1205\n|player|p2|thunderchloeds|dawn|1233\n|gen|9\n|tier|[Gen 9 Champions] VGC 2026 Reg M-A\n|rated|\n|rule|Species Clause: Limit one of each Pok\u00e9mon\n|rule|Item Clause: Limit 1 of each item\n|clearpoke\n|poke|p1|Floette-Eternal, L50, F|\n|poke|p1|Aegislash, L50, M|\n|poke|p1|Incineroar, L50, M|\n|poke|p1|Sneasler, L50, M|\n|poke|p1|Rotom-Wash, L50|\n|poke|p1|Greninja-*, L50, F|\n|poke|p2|Pelipper, L50, M|\n|poke|p2|Archaludon, L50, F|\n|poke|p2|Basculegion, L50, M|\n|poke|p2|Blastoise, L50, F|\n|poke|p2|Farigiraf, L50, F|\n|poke|p2|Sneasler, L50, M|\n|teampreview|4\n|inactive|Battle timer is ON: inactive players will automatically lose when time's up. (requested by thunderchloeds)\n|inactive|Saachan46 has 60 seconds left.\n|inactive|thunderchloeds has 60 seconds left.\n|\n|t:|1776389940\n|teamsize|p1|4\n|teamsize|p2|4\n|start\n|switch|p1a: Greninja|Greninja, L50, F|100/100\n|switch|p1b: Incineroar|Incineroar, L50, M|100/100\n|switch|p2a: Farigiraf|Farigiraf, L50, F|100/100\n|switch|p2b: Blastoise|Blastoise, L50, F|100/100\n|-ability|p1b: Incineroar|Intimidate|boost\n|-unboost|p2a: Farigiraf|atk|1\n|-unboost|p2b: Blastoise|atk|1\n|turn|1\n|\n|t:|1776389957\n|detailschange|p1a: Greninja|Greninja-Mega, L50, F\n|-mega|p1a: Greninja|Greninja|Greninjite\n|move|p1b: Incineroar|Helping Hand|p1a: Greninja\n|-singleturn|p1a: Greninja|Helping Hand|[of] p1b: Incineroar\n|move|p2b: Blastoise|Protect|p2b: Blastoise\n|-singleturn|p2b: Blastoise|Protect\n|move|p1a: Greninja|Dark Pulse|p2a: Farigiraf\n|-start|p1a: Greninja|typechange|Dark|[from] ability: Protean\n|-supereffective|p2a: Farigiraf|1\n|-enditem|p2a: Farigiraf|Colbur Berry|[eat]\n|-enditem|p2a: Farigiraf|Colbur Berry|[weaken]\n|-damage|p2a: Farigiraf|42/100\n|move|p2a: Farigiraf|Trick Room|p2a: Farigiraf\n|-fieldstart|move: Trick Room|[of] p2a: Farigiraf\n|\n|upkeep\n|turn|2\n|\n|t:|1776389980\n|detailschange|p2b: Blastoise|Blastoise-Mega, L50, F\n|-mega|p2b: Blastoise|Blastoise|Blastoisinite\n|move|p1a: Greninja|Protect|p1a: Greninja\n|-singleturn|p1a: Greninja|Protect\n|move|p2a: Farigiraf|Hyper Voice|p1a: Greninja|[spread] p1b\n|-activate|p1a: Greninja|move: Protect\n|-damage|p1b: Incineroar|75/100\n|move|p1b: Incineroar|Parting Shot|p2b: Blastoise\n|-unboost|p2b: Blastoise|atk|1\n|-unboost|p2b: Blastoise|spa|1\n|\n|t:|1776389986\n|switch|p1b: Sneasler|Sneasler, L50, M|100/100|[from] Parting Shot\n|move|p2b: Blastoise|Water Spout|p1b: Sneasler|[spread] p1b\n|-activate|p1a: Greninja|move: Protect\n|-damage|p1b: Sneasler|46/100\n|\n|upkeep\n|turn|3\n|\n|t:|1776390000\n|move|p1b: Sneasler|Protect|p1b: Sneasler\n|-singleturn|p1b: Sneasler|Protect\n|move|p2a: Farigiraf|Psychic|p1b: Sneasler\n|-activate|p1b: Sneasler|move: Protect\n|move|p2b: Blastoise|Water Spout|p1a: Greninja|[spread] p1a\n|-activate|p1b: Sneasler|move: Protect\n|-crit|p1a: Greninja\n|-damage|p1a: Greninja|0 fnt\n|faint|p1a: Greninja\n|\n|upkeep\n|-message|Saachan46 forfeited.\n|\n|win|thunderchloeds\n|raw|Saachan46's rating: 1205 &rarr; <strong>1182</strong><br />(-23 for losing)\n|raw|thunderchloeds's rating: 1233 &rarr; <strong>1256</strong><br />(+23 for winning)\n",
  "uploadtime": 1776390015,
  "views": 23,
  "formatid": "gen9championsvgc2026regma",
  "rating": 1182,
  "private": 0,
  "password": null
}