{
  "id": "gen9championsvgc2026regma-2583434281",
  "format": "[Gen 9 Champions] VGC 2026 Reg M-A",
  "players": [
    "MrRedPilot25",
    "bunearyboicherry"
  ],
  "log": "|j|\u2606MrRedPilot25\n|j|\u2606bunearyboicherry\n|t:|1776175403\n|gametype|doubles\n|player|p1|MrRedPilot25|hilbert-wonderlauncher|1121\n|player|p2|bunearyboicherry|preschoolerf-gen6|1066\n|gen|9\n|tier|[Gen 9 Champions] VGC 2026 Reg M-A\n|rated|\n|rule|Species Clause: Limit one of each Pok\u00e9mon\n|rule|Item Clause: Limit 1 of each item\n|clearpoke\n|poke|p1|Tyranitar, L50, M|\n|poke|p1|Excadrill, L50, M|\n|poke|p1|Corviknight, L50, F|\n|poke|p1|Meganium, L50, F|\n|poke|p1|Whimsicott, L50, M|\n|poke|p1|Incineroar, L50, M|\n|poke|p2|Mudsdale, L50, M|\n|poke|p2|Clefable, L50, F|\n|poke|p2|Primarina, L50, F|\n|poke|p2|Farigiraf, L50, F|\n|poke|p2|Passimian, L50, M|\n|poke|p2|Charizard, L50, M|\n|teampreview|4\n|inactive|Battle timer is ON: inactive players will automatically lose when time's up. (requested by MrRedPilot25)\n|\n|t:|1776175462\n|teamsize|p1|4\n|teamsize|p2|4\n|start\n|switch|p1a: Tyranitar|Tyranitar, L50, M|100/100\n|switch|p1b: Incineroar|Incineroar, L50, M|100/100\n|switch|p2a: Mudsdale|Mudsdale, L50, M, shiny|100/100\n|switch|p2b: Charizard|Charizard, L50, M, shiny|100/100\n|-ability|p1b: Incineroar|Intimidate|boost\n|-fail|p2a: Mudsdale|unboost|Attack|[from] ability: Inner Focus|[of] p2a: Mudsdale\n|-unboost|p2b: Charizard|atk|1\n|-weather|Sandstorm|[from] ability: Sand Stream|[of] p1a: Tyranitar\n|turn|1\n|\n|t:|1776175481\n|detailschange|p1a: Tyranitar|Tyranitar-Mega, L50, M\n|-mega|p1a: Tyranitar|Tyranitar|Tyranitarite\n|move|p2b: Charizard|Protect|p2b: Charizard\n|-singleturn|p2b: Charizard|Protect\n|move|p1b: Incineroar|Fake Out|p2b: Charizard\n|-activate|p2b: Charizard|move: Protect\n|move|p1a: Tyranitar|Low Kick|p2a: Mudsdale\n|-damage|p2a: Mudsdale|61/100\n|move|p2a: Mudsdale|Earthquake|p1a: Tyranitar|[spread] p1a,p1b\n|-activate|p2b: Charizard|move: Protect\n|-supereffective|p1a: Tyranitar|1\n|-supereffective|p1b: Incineroar|1\n|-damage|p1a: Tyranitar|44/100\n|-damage|p1b: Incineroar|16/100\n|-enditem|p1b: Incineroar|Sitrus Berry|[eat]\n|-heal|p1b: Incineroar|40/100|[from] item: Sitrus Berry\n|\n|-weather|Sandstorm|[upkeep]\n|-damage|p2b: Charizard|95/100|[from] Sandstorm\n|-damage|p1b: Incineroar|35/100|[from] Sandstorm\n|upkeep\n|turn|2\n|inactive|MrRedPilot25 has 30 seconds left.\n|inactive|bunearyboicherry has 30 seconds left.\n|\n|t:|1776175513\n|switch|p1a: Corviknight|Corviknight, L50, F|100/100\n|detailschange|p2b: Charizard|Charizard-Mega-Y, L50, M, shiny\n|-mega|p2b: Charizard|Charizard|Charizardite Y\n|-weather|SunnyDay|[from] ability: Drought|[of] p2b: Charizard\n|move|p2b: Charizard|Heat Wave|p1b: Incineroar|[spread] p1a,p1b\n|-supereffective|p1a: Corviknight|1\n|-crit|p1a: Corviknight\n|-resisted|p1b: Incineroar|1\n|-damage|p1a: Corviknight|0 fnt\n|-damage|p1b: Incineroar|0 fnt\n|faint|p1a: Corviknight\n|faint|p1b: Incineroar\n|move|p2a: Mudsdale|Earthquake|p2b: Charizard\n|-immune|p2b: Charizard\n|\n|-weather|SunnyDay|[upkeep]\n|upkeep\n|\n|t:|1776175521\n|switch|p1a: Tyranitar|Tyranitar-Mega, L50, M|44/100\n|switch|p1b: Excadrill|Excadrill, L50, M|100/100\n|-weather|Sandstorm|[from] ability: Sand Stream|[of] p1a: Tyranitar\n|turn|3\n|\n|t:|1776175530\n|switch|p2b: Farigiraf|Farigiraf, L50, F, shiny|100/100\n|move|p1b: Excadrill|Rock Slide|p2b: Farigiraf|[spread] p2a,p2b\n|-resisted|p2a: Mudsdale|1\n|-damage|p2a: Mudsdale|49/100\n|-damage|p2b: Farigiraf|73/100\n|-enditem|p2a: Mudsdale|Sitrus Berry|[eat]\n|-heal|p2a: Mudsdale|74/100|[from] item: Sitrus Berry\n|move|p1a: Tyranitar|Low Kick|p2a: Mudsdale\n|-damage|p2a: Mudsdale|28/100\n|move|p2a: Mudsdale|Earthquake|p1a: Tyranitar|[spread] p2b,p1a,p1b\n|-supereffective|p1a: Tyranitar|1\n|-supereffective|p1b: Excadrill|1\n|-damage|p2b: Farigiraf|26/100\n|-damage|p1a: Tyranitar|0 fnt\n|-damage|p1b: Excadrill|0 fnt\n|faint|p1a: Tyranitar\n|faint|p1b: Excadrill\n|\n|win|bunearyboicherry\n|raw|MrRedPilot25's rating: 1121 &rarr; <strong>1092</strong><br />(-29 for losing)\n|raw|bunearyboicherry's rating: 1066 &rarr; <strong>1101</strong><br />(+35 for winning)\n|l|\u2606MrRedPilot25\n|player|p1|\n",
  "uploadtime": 1776175548,
  "views": 32,
  "formatid": "gen9championsvgc2026regma",
  "rating": 1092,
  "private": 0,
  "password": null
}