{
  "id": "gen9championsvgc2026regma-2589593422",
  "format": "[Gen 9 Champions] VGC 2026 Reg M-A",
  "players": [
    "SllightlyInsane",
    "Daikon-z"
  ],
  "log": "|init|battle\n|title|SllightlyInsane vs. Daikon-z\n|j|\u2606SllightlyInsane\n|j|\u2606Daikon-z\n|t:|1776737287\n|gametype|doubles\n|player|p1|SllightlyInsane|bruno|1174\n|player|p2|Daikon-z|pokemonranger-gen4|1147\n|gen|9\n|tier|[Gen 9 Champions] VGC 2026 Reg M-A\n|rated|\n|rule|Species Clause: Limit one of each Pok\u00e9mon\n|rule|Item Clause: Limit 1 of each item\n|clearpoke\n|poke|p1|Heracross, L50, F|\n|poke|p1|Torkoal, L50, M|\n|poke|p1|Hatterene, L50, F|\n|poke|p1|Cofagrigus, L50, M|\n|poke|p1|Farigiraf, L50, M|\n|poke|p1|Kangaskhan, L50, F|\n|poke|p2|Armarouge, L50, F|\n|poke|p2|Meowstic, L50, M|\n|poke|p2|Hatterene, L50, F|\n|poke|p2|Crabominable, L50, M|\n|poke|p2|Farigiraf, L50, M|\n|poke|p2|Scovillain, L50, M|\n|teampreview|4\n|inactive|Battle timer is ON: inactive players will automatically lose when time's up. (requested by SllightlyInsane)\n|inactive|SllightlyInsane has 60 seconds left.\n|inactive|Daikon-z has 60 seconds left.\n|\n|t:|1776737324\n|teamsize|p1|4\n|teamsize|p2|4\n|start\n|switch|p1a: Cofagrigus|Cofagrigus, L50, M|100/100\n|switch|p1b: Torkoal|Torkoal, L50, M|100/100\n|switch|p2a: Meowstic|Meowstic, L50, M|100/100\n|switch|p2b: Armarouge|Armarouge, L50, F|100/100\n|-weather|SunnyDay|[from] ability: Drought|[of] p1b: Torkoal\n|turn|1\n|inactive|SllightlyInsane has 30 seconds left.\n|\n|t:|1776737351\n|move|p2a: Meowstic|Psychic Terrain|p2a: Meowstic\n|-fieldstart|move: Psychic Terrain\n|move|p2b: Armarouge|Expanding Force|p1a: Cofagrigus|[spread] p1a,p1b\n|-damage|p1a: Cofagrigus|40/100\n|-damage|p1b: Torkoal|27/100\n|move|p1b: Torkoal|Earth Power|p2b: Armarouge\n|-supereffective|p2b: Armarouge|1\n|-damage|p2b: Armarouge|46/100\n|move|p1a: Cofagrigus|Trick Room|p1a: Cofagrigus\n|-fieldstart|move: Trick Room|[of] p1a: Cofagrigus\n|\n|-weather|SunnyDay|[upkeep]\n|-heal|p2b: Armarouge|53/100|[from] item: Leftovers\n|upkeep\n|turn|2\n|inactive|SllightlyInsane has 30 seconds left.\n|inactive|SllightlyInsane has 20 seconds left.\n|\n|t:|1776737389\n|move|p2b: Armarouge|Protect|p2b: Armarouge\n|-singleturn|p2b: Armarouge|Protect\n|move|p2a: Meowstic|Light Screen|p2a: Meowstic\n|-sidestart|p2: Daikon-z|move: Light Screen\n|move|p1b: Torkoal|Earth Power|p2b: Armarouge\n|-activate|p2b: Armarouge|move: Protect\n|move|p1a: Cofagrigus|Night Shade|p2a: Meowstic\n|-damage|p2a: Meowstic|73/100\n|\n|-weather|SunnyDay|[upkeep]\n|-heal|p2b: Armarouge|59/100|[from] item: Leftovers\n|upkeep\n|turn|3\n|\n|t:|1776737405\n|move|p2a: Meowstic|Reflect|p2a: Meowstic\n|-sidestart|p2: Daikon-z|Reflect\n|move|p1b: Torkoal|Earth Power|p2b: Armarouge\n|-supereffective|p2b: Armarouge|1\n|-damage|p2b: Armarouge|25/100\n|move|p1a: Cofagrigus|Night Shade|p2b: Armarouge\n|-damage|p2b: Armarouge|0 fnt\n|faint|p2b: Armarouge\n|\n|-weather|SunnyDay|[upkeep]\n|upkeep\n|\n|t:|1776737416\n|switch|p2b: Hatterene|Hatterene, L50, F|100/100\n|turn|4\n|inactive|SllightlyInsane has 30 seconds left.\n|\n|t:|1776737441\n|switch|p1b: Heracross|Heracross, L50, F|100/100\n|switch|p2a: Crabominable|Crabominable, L50, M|100/100\n|move|p2b: Hatterene|Expanding Force|p1b: Heracross|[spread] p1a,p1b\n|-supereffective|p1b: Heracross|1\n|-damage|p1a: Cofagrigus|0 fnt\n|-damage|p1b: Heracross|0 fnt\n|faint|p1a: Cofagrigus\n|faint|p1b: Heracross\n|\n|-weather|SunnyDay|[upkeep]\n|upkeep\n|-message|SllightlyInsane forfeited.\n|\n|win|Daikon-z",
  "uploadtime": 1776737450,
  "rating": 1174,
  "source": "spectated"
}