{
  "id": "gen9championsvgc2026regma-2586712194",
  "format": "[Gen 9 Champions] VGC 2026 Reg M-A",
  "players": [
    "Lessa_ped",
    "Kaizen1945"
  ],
  "log": "|j|\u2606Lessa_ped\n|j|\u2606Kaizen1945\n|t:|1776454087\n|gametype|doubles\n|player|p1|Lessa_ped|n|1085\n|player|p2|Kaizen1945|170|1105\n|gen|9\n|tier|[Gen 9 Champions] VGC 2026 Reg M-A\n|rated|\n|rule|Species Clause: Limit one of each Pok\u00e9mon\n|rule|Item Clause: Limit 1 of each item\n|clearpoke\n|poke|p1|Archaludon, L50, F|\n|poke|p1|Pelipper, L50, M|\n|poke|p1|Sneasler, L50, F|\n|poke|p1|Incineroar, L50, M|\n|poke|p1|Basculegion, L50, M|\n|poke|p1|Meganium, L50, M|\n|poke|p2|Medicham, L50, F|\n|poke|p2|Whimsicott, L50, M|\n|poke|p2|Primarina, L50, F|\n|poke|p2|Greninja-*, L50, F|\n|poke|p2|Ninetales-Alola, L50, M|\n|poke|p2|Tyrantrum, L50, M|\n|teampreview|4\n|\n|t:|1776454147\n|teamsize|p1|4\n|teamsize|p2|4\n|start\n|switch|p1a: Pelipper|Pelipper, L50, M, shiny|100/100\n|switch|p1b: Sneasler|Sneasler, L50, F, shiny|100/100\n|switch|p2a: Medicham|Medicham, L50, F|100/100\n|switch|p2b: Whimsicott|Whimsicott, L50, M|100/100\n|-weather|RainDance|[from] ability: Drizzle|[of] p1a: Pelipper\n|turn|1\n|\n|t:|1776454181\n|move|p2b: Whimsicott|Protect|p2b: Whimsicott\n|-singleturn|p2b: Whimsicott|Protect\n|move|p2a: Medicham|Detect|p2a: Medicham\n|-singleturn|p2a: Medicham|Protect\n|move|p1b: Sneasler|Fake Out|p2b: Whimsicott\n|-activate|p2b: Whimsicott|move: Protect\n|move|p1a: Pelipper|Tailwind|p1a: Pelipper\n|-sidestart|p1: Lessa_ped|move: Tailwind\n|\n|-weather|RainDance|[upkeep]\n|upkeep\n|turn|2\n|\n|t:|1776454218\n|detailschange|p2a: Medicham|Medicham-Mega, L50, F\n|-mega|p2a: Medicham|Medicham|Medichamite\n|move|p2b: Whimsicott|Tailwind|p2b: Whimsicott\n|-sidestart|p2: Kaizen1945|move: Tailwind\n|move|p1b: Sneasler|Dire Claw|p2b: Whimsicott\n|-supereffective|p2b: Whimsicott|2\n|-enditem|p2b: Whimsicott|Focus Sash\n|-damage|p2b: Whimsicott|1/100\n|move|p1a: Pelipper|Hurricane|p2a: Medicham\n|-supereffective|p2a: Medicham|1\n|-damage|p2a: Medicham|0 fnt\n|faint|p2a: Medicham\n|\n|-weather|RainDance|[upkeep]\n|upkeep\n|\n|t:|1776454256\n|switch|p2a: Tyrantrum|Tyrantrum, L50, M|100/100\n|turn|3\n|\n|t:|1776454285\n|move|p1a: Pelipper|Protect|p1a: Pelipper\n|-singleturn|p1a: Pelipper|Protect\n|move|p2b: Whimsicott|Cotton Spore|p1b: Sneasler|[spread] p1b\n|-activate|p1a: Pelipper|move: Protect\n|-unboost|p1b: Sneasler|spe|2\n|-enditem|p1b: Sneasler|White Herb\n|-clearnegativeboost|p1b: Sneasler|[silent]\n|move|p1b: Sneasler|Close Combat|p2a: Tyrantrum\n|-supereffective|p2a: Tyrantrum|1\n|-damage|p2a: Tyrantrum|0 fnt\n|-unboost|p1b: Sneasler|def|1\n|-unboost|p1b: Sneasler|spd|1\n|faint|p2a: Tyrantrum\n|\n|-weather|RainDance|[upkeep]\n|upkeep\n|-message|Kaizen1945 forfeited.\n|\n|win|Lessa_ped\n|raw|Lessa_ped's rating: 1085 &rarr; <strong>1114</strong><br />(+29 for winning)\n|raw|Kaizen1945's rating: 1105 &rarr; <strong>1079</strong><br />(-26 for losing)\n|l|\u2606Kaizen1945\n|player|p2|\n",
  "uploadtime": 1776454305,
  "views": 40,
  "formatid": "gen9championsvgc2026regma",
  "rating": 1079,
  "private": 0,
  "password": null
}