{
  "id": "gen9championsvgc2026regma-2584847086",
  "format": "[Gen 9 Champions] VGC 2026 Reg M-A",
  "players": [
    "Drwer000",
    "lpretii67"
  ],
  "log": "|j|\u2606Drwer000\n|j|\u2606lpretii67\n|t:|1776288289\n|gametype|doubles\n|player|p1|Drwer000|pryce|1034\n|player|p2|lpretii67|dragontamer|1063\n|gen|9\n|tier|[Gen 9 Champions] VGC 2026 Reg M-A\n|rated|\n|rule|Species Clause: Limit one of each Pok\u00e9mon\n|rule|Item Clause: Limit 1 of each item\n|clearpoke\n|poke|p1|Orthworm, L50, F|\n|poke|p1|Basculegion, L50, M|\n|poke|p1|Incineroar, L50, M|\n|poke|p1|Rotom-Frost, L50|\n|poke|p1|Froslass, L50, F|\n|poke|p1|Garchomp, L50, M|\n|poke|p2|Medicham, L50, F|\n|poke|p2|Talonflame, L50, F|\n|poke|p2|Rotom-Wash, L50|\n|poke|p2|Scizor, L50, M|\n|poke|p2|Jolteon, L50, F|\n|poke|p2|Aegislash, L50, M|\n|teampreview|4\n|\n|t:|1776288311\n|teamsize|p1|4\n|teamsize|p2|4\n|start\n|switch|p1a: Incineroar|Incineroar, L50, M|100/100\n|switch|p1b: Basculegion|Basculegion, L50, M|100/100\n|switch|p2a: Medicham|Medicham, L50, F|100/100\n|switch|p2b: Talonflame|Talonflame, L50, F|100/100\n|-ability|p1a: Incineroar|Intimidate|boost\n|-unboost|p2a: Medicham|atk|1\n|-unboost|p2b: Talonflame|atk|1\n|turn|1\n|\n|t:|1776288328\n|detailschange|p2a: Medicham|Medicham-Mega, L50, F\n|-mega|p2a: Medicham|Medicham|Medichamite\n|move|p1a: Incineroar|Fake Out|p2b: Talonflame\n|-damage|p2b: Talonflame|86/100\n|move|p1b: Basculegion|Wave Crash|p2b: Talonflame\n|-supereffective|p2b: Talonflame|1\n|-damage|p2b: Talonflame|0 fnt\n|faint|p2b: Talonflame\n|-damage|p1b: Basculegion|74/100|[from] Recoil\n|move|p2a: Medicham|Drain Punch|p1a: Incineroar\n|-supereffective|p1a: Incineroar|1\n|-damage|p1a: Incineroar|19/100\n|\n|upkeep\n|\n|t:|1776288340\n|switch|p2b: Rotom|Rotom-Wash, L50|100/100\n|turn|2\n|\n|t:|1776288348\n|switch|p2a: Aegislash|Aegislash, L50, M|100/100\n|move|p1b: Basculegion|Wave Crash|p2a: Aegislash\n|-damage|p2a: Aegislash|15/100\n|-damage|p1b: Basculegion|54/100|[from] Recoil\n|move|p2b: Rotom|Electroweb|p1b: Basculegion|[spread] p1a,p1b\n|-supereffective|p1b: Basculegion|1\n|-damage|p1a: Incineroar|5/100\n|-damage|p1b: Basculegion|14/100\n|-unboost|p1a: Incineroar|spe|1\n|-unboost|p1b: Basculegion|spe|1\n|move|p1a: Incineroar|Parting Shot|p2a: Aegislash\n|-unboost|p2a: Aegislash|atk|1\n|-unboost|p2a: Aegislash|spa|1\n|\n|t:|1776288362\n|switch|p1a: Garchomp|Garchomp, L50, M|100/100|[from] Parting Shot\n|\n|-heal|p2a: Aegislash|20/100|[from] item: Leftovers\n|upkeep\n|turn|3\n|-activate|p2b: Rotom|item: Quick Claw\n|\n|t:|1776288374\n|switch|p1b: Incineroar|Incineroar, L50, M|5/100\n|-ability|p1b: Incineroar|Intimidate|boost\n|-unboost|p2a: Aegislash|atk|1\n|-unboost|p2b: Rotom|atk|1\n|move|p2a: Aegislash|King's Shield|p2a: Aegislash\n|-singleturn|p2a: Aegislash|Protect\n|move|p2b: Rotom|Volt Switch|p1b: Incineroar\n|-damage|p1b: Incineroar|0 fnt\n|faint|p1b: Incineroar\n|\n|t:|1776288384\n|switch|p2b: Medicham|Medicham-Mega, L50, F|100/100|[from] Volt Switch\n|move|p1a: Garchomp|Earthquake|p2b: Medicham|[spread] p2b\n|-activate|p2a: Aegislash|move: Protect\n|-damage|p2b: Medicham|41/100\n|\n|-heal|p2a: Aegislash|26/100|[from] item: Leftovers\n|upkeep\n|\n|t:|1776288393\n|switch|p1b: Froslass|Froslass, L50, F|100/100\n|turn|4\n|\n|t:|1776288405\n|detailschange|p1b: Froslass|Froslass-Mega, L50, F\n|-mega|p1b: Froslass|Froslass|Froslassite\n|-weather|Snowscape|[from] ability: Snow Warning|[of] p1b: Froslass\n|move|p1b: Froslass|Blizzard|p2a: Aegislash|[spread] p2a,p2b\n|-resisted|p2a: Aegislash|1\n|-damage|p2a: Aegislash|4/100\n|-damage|p2b: Medicham|0 fnt\n|faint|p2b: Medicham\n|move|p1a: Garchomp|Rock Slide|p2a: Aegislash\n|-resisted|p2a: Aegislash|1\n|-damage|p2a: Aegislash|0 fnt\n|faint|p2a: Aegislash\n|\n|-weather|Snowscape|[upkeep]\n|upkeep\n|-message|lpretii67 forfeited.\n|\n|win|Drwer000\n|raw|Drwer000's rating: 1034 &rarr; <strong>1072</strong><br />(+38 for winning)\n|raw|lpretii67's rating: 1063 &rarr; <strong>1042</strong><br />(-21 for losing)\n|l|\u2606lpretii67\n|player|p2|\n",
  "uploadtime": 1776288439,
  "views": 19,
  "formatid": "gen9championsvgc2026regma",
  "rating": 1042,
  "private": 0,
  "password": null
}