{
  "id": "gen9championsvgc2026regma-2583783676",
  "format": "[Gen 9 Champions] VGC 2026 Reg M-A",
  "players": [
    "ColdingLight",
    "einstien74"
  ],
  "log": "|j|\u2606ColdingLight\n|j|\u2606einstien74\n|t:|1776197424\n|gametype|doubles\n|player|p1|ColdingLight|silver-gen2kanto|\n|player|p2|einstien74|benga|\n|gen|9\n|tier|[Gen 9 Champions] VGC 2026 Reg M-A\n|rated|Tournament battle\n|rule|Species Clause: Limit one of each Pok\u00e9mon\n|rule|Item Clause: Limit 1 of each item\n|clearpoke\n|poke|p1|Floette-Eternal, L50, F|\n|poke|p1|Talonflame, L50, M|\n|poke|p1|Tyranitar, L50, F|\n|poke|p1|Excadrill, L50, M|\n|poke|p1|Sinistcha, L50|\n|poke|p1|Milotic, L50, M|\n|poke|p2|Garchomp, L50, M|\n|poke|p2|Tyranitar, L50, M|\n|poke|p2|Vivillon, L50, F|\n|poke|p2|Volcarona, L50, M|\n|poke|p2|Tinkaton, L50, F|\n|poke|p2|Hawlucha, L50, F|\n|teampreview|4\n|j| BranShah\n|c|\u2606einstien74|glhf\n|j| Subway Sire\n|j| battle sim trainer\n|c|\u2606ColdingLight|u2\n|j| yung paper weight\n|j| Hy3ll0\n|inactive|Battle timer is ON: inactive players will automatically lose when time's up. (requested by ColdingLight)\n|j| Lacksatives\n|c| Subway Sire|strongest trainer of today vs strongest trainer in history ahh fight\n|c| battle sim trainer|oh no floettes bad for chompy\n|c| Subway Sire|not chompy\n|c|\u2606einstien74|nah, I've got the secret tech\n|c| Lacksatives|holy shit it's albert einstein\n|c|\u2606einstien74|nah read it again\n|c| Subway Sire|yeah hes back\n|c|\u2606einstien74|I'm einstien\n|inactive|ColdingLight has 60 seconds left.\n|c|\u2606einstien74|spelled wrong\n|c|\u2606einstien74|cuz I'm a moron\n|c| BranShah|berenstein vs berenstain moment\n|c| Subway Sire|nah he actually invented time travel just to play vgc\n|\n|t:|1776197485\n|teamsize|p1|4\n|teamsize|p2|4\n|start\n|switch|p1a: Milotic|Milotic, L50, M|100/100\n|switch|p1b: Tyranitar|Tyranitar, L50, F|100/100\n|switch|p2a: Garchomp|Garchomp, L50, M|100/100\n|switch|p2b: Hawlucha|Hawlucha, L50, F|100/100\n|-weather|Sandstorm|[from] ability: Sand Stream|[of] p1b: Tyranitar\n|turn|1\n|c| battle sim trainer|shhh no one will now\n|j| copper05\n|\n|t:|1776197497\n|detailschange|p2a: Garchomp|Garchomp-Mega, L50, M\n|-mega|p2a: Garchomp|Garchomp|Garchompite\n|move|p1b: Tyranitar|Protect|p1b: Tyranitar\n|-singleturn|p1b: Tyranitar|Protect\n|move|p1a: Milotic|Icy Wind|p2a: Garchomp|[spread] p2a,p2b\n|-supereffective|p2a: Garchomp|2\n|-supereffective|p2b: Hawlucha|1\n|-damage|p2a: Garchomp|55/100\n|-damage|p2b: Hawlucha|59/100\n|-unboost|p2a: Garchomp|spe|1\n|-unboost|p2b: Hawlucha|spe|1\n|-enditem|p2b: Hawlucha|White Herb\n|-clearnegativeboost|p2b: Hawlucha|[silent]\n|move|p2b: Hawlucha|Coaching|p2a: Garchomp\n|-boost|p2a: Garchomp|atk|1\n|-boost|p2a: Garchomp|def|1\n|move|p2a: Garchomp|Earthquake|p1b: Tyranitar|[spread] p1a\n|-activate|p1b: Tyranitar|move: Protect\n|-immune|p2b: Hawlucha\n|-damage|p1a: Milotic|0 fnt\n|faint|p1a: Milotic\n|\n|-weather|Sandstorm|[upkeep]\n|-damage|p2b: Hawlucha|53/100|[from] Sandstorm\n|upkeep\n|l| copper05\n|c| Subway Sire|oh no\n|\n|t:|1776197515\n|switch|p1a: Floette|Floette-Eternal, L50, F|100/100\n|turn|2\n|c| battle sim trainer|that kills?!\n|c| Lacksatives|yknow I definitely thought the secret tech was gonna be just not using mega and winning the speed tie\n|\n|t:|1776197521\n|detailschange|p1a: Floette|Floette-Mega, L50, F\n|-mega|p1a: Floette|Floette|Floettite\n|-ability|p1a: Floette|Fairy Aura\n|move|p2a: Garchomp|Protect|p2a: Garchomp\n|-singleturn|p2a: Garchomp|Protect\n|move|p2b: Hawlucha|Close Combat|p1b: Tyranitar\n|-supereffective|p1b: Tyranitar|2\n|-damage|p1b: Tyranitar|0 fnt\n|-unboost|p2b: Hawlucha|def|1\n|-unboost|p2b: Hawlucha|spd|1\n|faint|p1b: Tyranitar\n|move|p1a: Floette|Dazzling Gleam|p2b: Hawlucha|[spread] p2b\n|-activate|p2a: Garchomp|move: Protect\n|-supereffective|p2b: Hawlucha|1\n|-damage|p2b: Hawlucha|0 fnt\n|faint|p2b: Hawlucha\n|\n|-weather|Sandstorm|[upkeep]\n|-damage|p1a: Floette|95/100|[from] Sandstorm\n|upkeep\n|c| Subway Sire|its chomp\n|c| Subway Sire|ofc it kills\n|c|\u2606einstien74|y'all forget, megachomp is strong\n|\n|t:|1776197535\n|switch|p2b: Tinkaton|Tinkaton, L50, F|100/100\n|switch|p1b: Excadrill|Excadrill, L50, M|100/100\n|-ability|p2b: Tinkaton|Mold Breaker\n|turn|3\n|c| battle sim trainer|true dat\n|c| Lacksatives|mega chomp has 170 base atk and sand force\n|j|+ToastNoButter\n|c| BranShah|damn\n|c| BranShah|I forget how much base atk it has\n|c| Lacksatives|and that was a single target eq\n|inactive|einstien74 has 30 seconds left.\n|c| Lacksatives|if it didn't kill I'd be worried\n|c| Subway Sire|fr\n|inactive|einstien74 has 20 seconds left.\n|inactive|einstien74 has 15 seconds left.\n|\n|t:|1776197576\n|move|p1b: Excadrill|Protect|p1b: Excadrill\n|-singleturn|p1b: Excadrill|Protect\n|move|p1a: Floette|Protect|p1a: Floette\n|-singleturn|p1a: Floette|Protect\n|move|p2b: Tinkaton|Gigaton Hammer|p1a: Floette\n|-activate|p1a: Floette|move: Protect\n|move|p2a: Garchomp|Earthquake|p1a: Floette|[spread] p2b\n|-activate|p1a: Floette|move: Protect\n|-activate|p1b: Excadrill|move: Protect\n|-supereffective|p2b: Tinkaton|1\n|-enditem|p2b: Tinkaton|Shuca Berry|[eat]\n|-enditem|p2b: Tinkaton|Shuca Berry|[weaken]\n|-damage|p2b: Tinkaton|0 fnt\n|faint|p2b: Tinkaton\n|\n|-weather|Sandstorm|[upkeep]\n|-damage|p1a: Floette|89/100|[from] Sandstorm\n|upkeep\n|c| BranShah|wait, was it? I thought earthquake still had spread reduction when it hit into protect/ally\n|c|\u2606einstien74|lmao\n|\n|t:|1776197582\n|switch|p2b: Volcarona|Volcarona, L50, M|100/100\n|turn|4\n|c| Subway Sire|come one einstien spelled wrong\n|c| Subway Sire|nein\n|\n|t:|1776197588\n|move|p2a: Garchomp|Protect|p2a: Garchomp\n|-singleturn|p2a: Garchomp|Protect\n|move|p1b: Excadrill|Rock Slide|p2b: Volcarona|[spread] p2b\n|-activate|p2a: Garchomp|move: Protect\n|-supereffective|p2b: Volcarona|2\n|-damage|p2b: Volcarona|0 fnt\n|faint|p2b: Volcarona\n|move|p1a: Floette|Dazzling Gleam|p2a: Garchomp\n|-activate|p2a: Garchomp|move: Protect\n|\n|-weather|Sandstorm|[upkeep]\n|-damage|p1a: Floette|83/100|[from] Sandstorm\n|upkeep\n|turn|5\n|c| Subway Sire|oh no\n|j| twemy\n|c|\u2606einstien74|rip\n|c|\u2606ColdingLight|gg\n|c|\u2606einstien74|gg\n|\n|t:|1776197598\n|move|p1b: Excadrill|Iron Head|p2a: Garchomp\n|-damage|p2a: Garchomp|25/100\n|move|p1a: Floette|Moonblast|p2a: Garchomp\n|-supereffective|p2a: Garchomp|1\n|-damage|p2a: Garchomp|0 fnt\n|faint|p2a: Garchomp\n|\n|win|ColdingLight\n|n|\u2606ColdingLight|coldinglight\n|n|\u2606einstien74|einstien74\n|n| BranShah|branshah\n|n| Subway Sire|subwaysire\n|n| battle sim trainer|battlesimtrainer\n|n| yung paper weight|yungpaperweight\n|n| Hy3ll0|hy3ll0\n|n| Lacksatives|lacksatives\n|n| ToastNoButter|toastnobutter\n|n| twemy|twemy\n",
  "uploadtime": 1776197598,
  "views": 13,
  "formatid": "gen9championsvgc2026regma",
  "rating": null,
  "private": 0,
  "password": null
}