{
  "id": "gen9championsvgc2026regma-2585996607",
  "format": "[Gen 9 Champions] VGC 2026 Reg M-A",
  "players": [
    "hibikiqu",
    "stuggle(ing) bug"
  ],
  "log": "|j|\u2606hibikiqu\n|j|\u2606stuggle(ing) bug\n|t:|1776388687\n|gametype|doubles\n|player|p1|hibikiqu|dawn|\n|player|p2|stuggle(ing) bug|pokemaniac|\n|gen|9\n|tier|[Gen 9 Champions] VGC 2026 Reg M-A\n|rated|Tournament battle\n|rule|Species Clause: Limit one of each Pok\u00e9mon\n|rule|Item Clause: Limit 1 of each item\n|raw|<div class=\"infobox\"><details class=\"readmore\" open><summary><strong>1 custom rule:</strong></summary> Force Open Team Sheets</details></div>\n|clearpoke\n|poke|p1|Rotom-Mow, L50|\n|poke|p1|Charizard, L50, M|\n|poke|p1|Whimsicott, L50, M|\n|poke|p1|Sneasler, L50, M|\n|poke|p1|Garchomp, L50, M|\n|poke|p1|Incineroar, L50, M|\n|poke|p2|Delphox, L50, F|\n|poke|p2|Garchomp, L50, F|\n|poke|p2|Sneasler, L50, F|\n|poke|p2|Sinistcha, L50|\n|poke|p2|Rotom-Wash, L50|\n|poke|p2|Meganium, L50, F|\n|teampreview|4\n|showteam|p1|Rotom-Mow||ChoiceScarf|Levitate|VoltSwitch,Thunderbolt,LeafStorm,Poltergeist||||||50|]Charizard||CharizarditeY|Blaze|HeatWave,Protect,SolarBeam,WeatherBall|||M|||50|]Whimsicott||FocusSash|Prankster|Encore,Moonblast,Tailwind,SunnyDay|||M|||50|]Sneasler||WhiteHerb|Unburden|CloseCombat,DireClaw,Protect,Acrobatics|||M|||50|]Garchomp||Leftovers|RoughSkin|DragonClaw,RockSlide,Protect,Earthquake|||M|||50|]Incineroar||SitrusBerry|Intimidate|FakeOut,Roar,Protect,PartingShot|||M|||50|\n|showteam|p2|Delphox||Delphoxite|Blaze|HeatWave,Psychic,Protect,NastyPlot|||F|||50|]Garchomp||ChoiceScarf|RoughSkin|Earthquake,DragonClaw,RockSlide,Bulldoze|||F|||50|]Sneasler||WhiteHerb|Unburden|CloseCombat,DireClaw,Protect,FakeOut|||F|||50|]Sinistcha||SitrusBerry|Hospitality|MatchaGotcha,RagePowder,TrickRoom,Imprison||||||50|]Rotom-Wash||Magnet|Levitate|HydroPump,VoltSwitch,Discharge,Electroweb||||||50|]Meganium||Meganiumite|Overgrow|SolarBeam,DazzlingGleam,WeatherBall,Protect|||F|||50|\n|inactive|Battle timer is ON: inactive players will automatically lose when time's up. (requested by stuggle(ing) bug)\n|c|\u2606stuggle(ing) bug|glhf\n|c|\u2606hibikiqu|gl\n|inactive|hibikiqu has 60 seconds left.\n|inactive|stuggle(ing) bug has 60 seconds left.\n|\n|t:|1776388739\n|teamsize|p1|4\n|teamsize|p2|4\n|start\n|switch|p1a: Charizard|Charizard, L50, M|100/100\n|switch|p1b: Rotom|Rotom-Mow, L50|100/100\n|switch|p2a: Garchomp|Garchomp, L50, F|100/100\n|switch|p2b: Rotom|Rotom-Wash, L50|100/100\n|turn|1\n|inactive|hibikiqu has 30 seconds left.\n|\n|t:|1776388773\n|detailschange|p1a: Charizard|Charizard-Mega-Y, L50, M\n|-mega|p1a: Charizard|Charizard|Charizardite Y\n|-weather|SunnyDay|[from] ability: Drought|[of] p1a: Charizard\n|move|p2a: Garchomp|Rock Slide|p1b: Rotom|[spread] p1a\n|-miss|p2a: Garchomp|p1b: Rotom\n|-supereffective|p1a: Charizard|2\n|-damage|p1a: Charizard|19/100\n|move|p1b: Rotom|Leaf Storm|p2b: Rotom\n|-supereffective|p2b: Rotom|1\n|-damage|p2b: Rotom|0 fnt\n|-unboost|p1b: Rotom|spa|2\n|faint|p2b: Rotom\n|move|p1a: Charizard|Heat Wave|p2a: Garchomp\n|-resisted|p2a: Garchomp|1\n|-damage|p2a: Garchomp|57/100\n|\n|-weather|SunnyDay|[upkeep]\n|upkeep\n|\n|t:|1776388789\n|switch|p2b: Delphox|Delphox, L50, F|100/100\n|turn|2\n|j|+holdingb\n|inactive|hibikiqu has 30 seconds left.\n|inactive|hibikiqu has 20 seconds left.\n|\n|t:|1776388825\n|switch|p1b: Incineroar|Incineroar, L50, M|100/100\n|-ability|p1b: Incineroar|Intimidate|boost\n|-unboost|p2a: Garchomp|atk|1\n|-unboost|p2b: Delphox|atk|1\n|detailschange|p2b: Delphox|Delphox-Mega, L50, F\n|-mega|p2b: Delphox|Delphox|Delphoxite\n|move|p1a: Charizard|Protect|p1a: Charizard\n|-singleturn|p1a: Charizard|Protect\n|move|p2a: Garchomp|Rock Slide|p1a: Charizard|[spread] p1b\n|-activate|p1a: Charizard|move: Protect\n|-supereffective|p1b: Incineroar|1\n|-damage|p1b: Incineroar|81/100\n|move|p2b: Delphox|Nasty Plot|p2b: Delphox\n|-boost|p2b: Delphox|spa|2\n|\n|-weather|SunnyDay|[upkeep]\n|upkeep\n|turn|3\n|inactive|hibikiqu has 30 seconds left.\n|inactive|hibikiqu has 20 seconds left.\n|inactive|hibikiqu has 15 seconds left.\n|\n|t:|1776388869\n|switch|p2a: Sneasler|Sneasler, L50, F|100/100\n|switch|p1a: Garchomp|Garchomp, L50, M|100/100\n|move|p2b: Delphox|Protect|p2b: Delphox\n|-singleturn|p2b: Delphox|Protect\n|move|p1b: Incineroar|Parting Shot|p2b: Delphox\n|-activate|p2b: Delphox|move: Protect\n|\n|-weather|SunnyDay|[upkeep]\n|upkeep\n|turn|4\n|\n|t:|1776388883\n|move|p1b: Incineroar|Protect|p1b: Incineroar\n|-singleturn|p1b: Incineroar|Protect\n|move|p2b: Delphox|Psychic|p1a: Garchomp\n|-damage|p1a: Garchomp|0 fnt\n|faint|p1a: Garchomp\n|move|p2a: Sneasler|Close Combat|p1b: Incineroar\n|-activate|p1b: Incineroar|move: Protect\n|\n|-weather|SunnyDay|[upkeep]\n|upkeep\n|\n|t:|1776388892\n|switch|p1a: Rotom|Rotom-Mow, L50|100/100\n|turn|5\n|\n|t:|1776388910\n|move|p1a: Rotom|Thunderbolt|p2a: Sneasler\n|-damage|p2a: Sneasler|43/100\n|move|p2b: Delphox|Heat Wave|p1b: Incineroar|[spread] p1a,p1b\n|-supereffective|p1a: Rotom|1\n|-resisted|p1b: Incineroar|1\n|-damage|p1a: Rotom|0 fnt\n|-damage|p1b: Incineroar|20/100\n|-enditem|p1b: Incineroar|Sitrus Berry|[eat]\n|-heal|p1b: Incineroar|45/100|[from] item: Sitrus Berry\n|faint|p1a: Rotom\n|move|p2a: Sneasler|Close Combat|p1b: Incineroar\n|-supereffective|p1b: Incineroar|1\n|-damage|p1b: Incineroar|0 fnt\n|-unboost|p2a: Sneasler|def|1\n|-unboost|p2a: Sneasler|spd|1\n|faint|p1b: Incineroar\n|-enditem|p2a: Sneasler|White Herb\n|-clearnegativeboost|p2a: Sneasler|[silent]\n|\n|-weather|none\n|upkeep\n|-message|hibikiqu forfeited.\n|\n|win|stuggle(ing) bug\n|n|\u2606hibikiqu|hibikiqu\n|n|\u2606stuggle(ing) bug|stuggleingbug\n|n| holdingb|holdingb\n|l|\u2606hibikiqu\n|player|p1|\n|c|\u2606stuggle(ing) bug|e hee hee\n",
  "uploadtime": 1776388941,
  "views": 18,
  "formatid": "gen9championsvgc2026regma",
  "rating": null,
  "private": 0,
  "password": null
}