{
  "id": "gen9championsvgc2026regma-2584583133",
  "format": "[Gen 9 Champions] VGC 2026 Reg M-A",
  "players": [
    "SimMikaze",
    "aa11ss"
  ],
  "log": "|j|\u2606SimMikaze\n|j|\u2606aa11ss\n|t:|1776270248\n|gametype|doubles\n|player|p1|SimMikaze|miku-ghost|1101\n|player|p2|aa11ss|169|1172\n|gen|9\n|tier|[Gen 9 Champions] VGC 2026 Reg M-A\n|rated|\n|rule|Species Clause: Limit one of each Pok\u00e9mon\n|rule|Item Clause: Limit 1 of each item\n|clearpoke\n|poke|p1|Delphox, L50, F|\n|poke|p1|Whimsicott, L50, M|\n|poke|p1|Basculegion, L50, M|\n|poke|p1|Garchomp, L50, F|\n|poke|p1|Sneasler, L50, F|\n|poke|p1|Kingambit, L50, M|\n|poke|p2|Tauros-Paldea-Aqua, L50, M|\n|poke|p2|Typhlosion-Hisui, L50, M|\n|poke|p2|Aerodactyl, L50, M|\n|poke|p2|Meganium, L50, M|\n|poke|p2|Kangaskhan, L50, F|\n|poke|p2|Archaludon, L50, M|\n|teampreview|4\n|\n|t:|1776270279\n|teamsize|p1|4\n|teamsize|p2|4\n|start\n|switch|p1a: Garchomp|Garchomp, L50, F|100/100\n|switch|p1b: Basculegion|Basculegion, L50, M|100/100\n|switch|p2a: Aerodactyl|Aerodactyl, L50, M|100/100\n|switch|p2b: Typhlosion|Typhlosion-Hisui, L50, M|100/100\n|-ability|p2a: Aerodactyl|Unnerve\n|-item|p1a: Garchomp|Lum Berry|[from] ability: Frisk|[of] p2b: Typhlosion\n|-item|p1b: Basculegion|Choice Scarf|[from] ability: Frisk|[of] p2b: Typhlosion\n|turn|1\n|\n|t:|1776270304\n|move|p2b: Typhlosion|Shadow Ball|p1b: Basculegion\n|-supereffective|p1b: Basculegion|1\n|-damage|p1b: Basculegion|8/100\n|move|p2a: Aerodactyl|Tailwind|p2a: Aerodactyl\n|-sidestart|p2: aa11ss|move: Tailwind\n|move|p1b: Basculegion|Flip Turn|p2b: Typhlosion\n|-supereffective|p2b: Typhlosion|1\n|-damage|p2b: Typhlosion|0 fnt\n|faint|p2b: Typhlosion\n|\n|t:|1776270330\n|switch|p1b: Whimsicott|Whimsicott, L50, M|100/100|[from] Flip Turn\n|move|p1a: Garchomp|Scale Shot|p2a: Aerodactyl\n|-damage|p2a: Aerodactyl|77/100\n|-damage|p2a: Aerodactyl|55/100\n|-hitcount|p2a: Aerodactyl|2\n|-unboost|p1a: Garchomp|def|1\n|-boost|p1a: Garchomp|spe|1\n|\n|upkeep\n|\n|t:|1776270344\n|switch|p2b: Kangaskhan|Kangaskhan, L50, F|100/100\n|turn|2\n|\n|t:|1776270358\n|detailschange|p2b: Kangaskhan|Kangaskhan-Mega, L50, F\n|-mega|p2b: Kangaskhan|Kangaskhan|Kangaskhanite\n|move|p1b: Whimsicott|Protect|p1b: Whimsicott\n|-singleturn|p1b: Whimsicott|Protect\n|move|p1a: Garchomp|Protect|p1a: Garchomp\n|-singleturn|p1a: Garchomp|Protect\n|move|p2b: Kangaskhan|Fake Out|p1a: Garchomp\n|-activate|p1a: Garchomp|move: Protect\n|move|p2a: Aerodactyl|Dual Wingbeat|p1b: Whimsicott\n|-activate|p1b: Whimsicott|move: Protect\n|\n|upkeep\n|turn|3\n|\n|t:|1776270368\n|switch|p2b: Tauros|Tauros-Paldea-Aqua, L50, M|100/100\n|-ability|p2b: Tauros|Intimidate|boost\n|-unboost|p1a: Garchomp|atk|1\n|-unboost|p1b: Whimsicott|atk|1\n|move|p1b: Whimsicott|Tailwind|p1b: Whimsicott\n|-sidestart|p1: SimMikaze|move: Tailwind\n|move|p1a: Garchomp|Scale Shot|p2a: Aerodactyl\n|-damage|p2a: Aerodactyl|37/100\n|-damage|p2a: Aerodactyl|20/100\n|-crit|p2a: Aerodactyl\n|-damage|p2a: Aerodactyl|0 fnt\n|faint|p2a: Aerodactyl\n|-hitcount|p2: Aerodactyl|3\n|-unboost|p1a: Garchomp|def|1\n|-boost|p1a: Garchomp|spe|1\n|\n|upkeep\n|\n|t:|1776270381\n|switch|p2a: Kangaskhan|Kangaskhan-Mega, L50, F|100/100\n|turn|4\n|-message|aa11ss forfeited.\n|\n|win|SimMikaze\n|raw|SimMikaze's rating: 1101 &rarr; <strong>1131</strong><br />(+30 for winning)\n|raw|aa11ss's rating: 1172 &rarr; <strong>1142</strong><br />(-30 for losing)\n|l|\u2606aa11ss\n|player|p2|\n",
  "uploadtime": 1776270424,
  "views": 17,
  "formatid": "gen9championsvgc2026regma",
  "rating": 1131,
  "private": 0,
  "password": null
}