{
  "id": "gen9championsvgc2026regma-2587602279",
  "format": "[Gen 9 Champions] VGC 2026 Reg M-A",
  "players": [
    "vroummm",
    "Lance IV"
  ],
  "log": "|j|\u2606vroummm\n|j|\u2606Lance IV\n|t:|1776546022\n|gametype|doubles\n|player|p1|vroummm|n|1304\n|player|p2|Lance IV|1|1300\n|gen|9\n|tier|[Gen 9 Champions] VGC 2026 Reg M-A\n|rated|\n|rule|Species Clause: Limit one of each Pok\u00e9mon\n|rule|Item Clause: Limit 1 of each item\n|clearpoke\n|poke|p1|Floette-Eternal, L50, F|\n|poke|p1|Aerodactyl, L50, M|\n|poke|p1|Maushold, L50|\n|poke|p1|Garchomp, L50, F|\n|poke|p1|Delphox, L50, M|\n|poke|p1|Incineroar, L50, F|\n|poke|p2|Pelipper, L50, M|\n|poke|p2|Basculegion, L50, M, shiny|\n|poke|p2|Dragonite, L50, M, shiny|\n|poke|p2|Sneasler, L50, M|\n|poke|p2|Sinistcha, L50|\n|poke|p2|Araquanid, L50, M|\n|teampreview|4\n|inactive|Battle timer is ON: inactive players will automatically lose when time's up. (requested by Lance IV)\n|c|\u2606vroummm|glhf\n|inactive|vroummm has 60 seconds left.\n|inactive|Lance IV has 60 seconds left.\nLance IV rejected open team sheets.\n|inactive|vroummm has 30 seconds left.\n|c|\u2606Lance IV|glhf\n|inactive|vroummm has 20 seconds left.\n|inactive|vroummm has 15 seconds left.\n|\n|t:|1776546106\n|teamsize|p1|4\n|teamsize|p2|4\n|start\n|switch|p1a: Floette|Floette-Eternal, L50, F|100/100\n|switch|p1b: Aerodactyl|Aerodactyl, L50, M|100/100\n|switch|p2a: Basculegion|Basculegion, L50, M, shiny|100/100\n|switch|p2b: Pelipper|Pelipper, L50, M|100/100\n|-ability|p1b: Aerodactyl|Unnerve\n|-weather|RainDance|[from] ability: Drizzle|[of] p2b: Pelipper\n|turn|1\n|inactive|Lance IV has 30 seconds left.\n|\n|t:|1776546133\n|detailschange|p1a: Floette|Floette-Mega, L50, F\n|-mega|p1a: Floette|Floette|Floettite\n|-ability|p1a: Floette|Fairy Aura\n|move|p1b: Aerodactyl|Tailwind|p1b: Aerodactyl\n|-sidestart|p1: vroummm|move: Tailwind\n|move|p1a: Floette|Calm Mind|p1a: Floette\n|-boost|p1a: Floette|spa|1\n|-boost|p1a: Floette|spd|1\n|move|p2a: Basculegion|Wave Crash|p1a: Floette\n|-damage|p1a: Floette|0 fnt\n|faint|p1a: Floette\n|-damage|p2a: Basculegion|71/100|[from] Recoil\n|move|p2b: Pelipper|Tailwind|p2b: Pelipper\n|-sidestart|p2: Lance IV|move: Tailwind\n|\n|-weather|RainDance|[upkeep]\n|upkeep\n|inactive|vroummm has 30 seconds left.\n|inactive|vroummm has 20 seconds left.\n|inactive|vroummm has 15 seconds left.\n|inactive|vroummm has 10 seconds left.\n|inactive|vroummm has 5 seconds left.\n|\n|t:|1776546188\n|switch|p1a: Maushold|Maushold, L50|100/100\n|turn|2\n|inactive|vroummm has 30 seconds left.\n|c|\u2606vroummm|You son of a - you rejected OTS cuz your'e the ONLY one to play adaptabilty basc on rain ?\n|inactive|vroummm has 20 seconds left.\n|inactive|vroummm has 15 seconds left.\n|c|\u2606Lance IV|It killed regardless\n|\n|t:|1776546233\n|move|p1a: Maushold|Follow Me|p1a: Maushold\n|-singleturn|p1a: Maushold|move: Follow Me\n|move|p1b: Aerodactyl|Rock Slide|p2a: Basculegion|[spread] p2a,p2b\n|-crit|p2a: Basculegion\n|-supereffective|p2b: Pelipper|1\n|-crit|p2b: Pelipper\n|-damage|p2a: Basculegion|24/100\n|-enditem|p2b: Pelipper|Focus Sash\n|-damage|p2b: Pelipper|1/100\n|move|p2a: Basculegion|Wave Crash|p1a: Maushold\n|-damage|p1a: Maushold|0 fnt\n|faint|p1a: Maushold\n|-damage|p2a: Basculegion|0 fnt|[from] Recoil\n|faint|p2a: Basculegion\n|move|p2b: Pelipper|Muddy Water|p1b: Aerodactyl\n|-supereffective|p1b: Aerodactyl|1\n|-enditem|p1b: Aerodactyl|Focus Sash\n|-damage|p1b: Aerodactyl|1/100\n|\n|-weather|RainDance|[upkeep]\n|upkeep\n|c|\u2606vroummm|it didn't\n|c|\u2606Lance IV|also, this is the most common set btw\n|inactive|vroummm has 30 seconds left.\n|inactive|Lance IV has 30 seconds left.\n|inactive|vroummm has 20 seconds left.\n|inactive|vroummm has 15 seconds left.\n|inactive|vroummm has 10 seconds left.\n|inactive|Lance IV has 20 seconds left.\n|inactive|vroummm has 5 seconds left.\n|\n|t:|1776546288\n|switch|p1a: Incineroar|Incineroar, L50, F|100/100\n|switch|p2a: Dragonite|Dragonite, L50, M, shiny|100/100\n|-ability|p1a: Incineroar|Intimidate|boost\n|-fail|p2a: Dragonite|unboost|Attack|[from] ability: Inner Focus|[of] p2a: Dragonite\n|-unboost|p2b: Pelipper|atk|1\n|turn|3\n|c|\u2606vroummm|NOT ON RAIN\n|inactive|vroummm has 30 seconds left.\n|inactive|Lance IV has 30 seconds left.\n|c|\u2606Lance IV|yes on rain\n|inactive|vroummm has 20 seconds left.\n|inactive|vroummm has 15 seconds left.\n|inactive|Lance IV has 20 seconds left.\n|inactive|vroummm has 10 seconds left.\n|inactive|Lance IV has 15 seconds left.\n|c|\u2606vroummm|On rain you don't play scarf basc adapt\n|inactive|vroummm has 5 seconds left.\n|inactive|Lance IV has 10 seconds left.\n|inactive|Lance IV has 5 seconds left.\n|\n|t:|1776546347\n|detailschange|p2a: Dragonite|Dragonite-Mega, L50, M, shiny\n|-mega|p2a: Dragonite|Dragonite|Dragoninite\n|move|p2a: Dragonite|Protect|p2a: Dragonite\n|-singleturn|p2a: Dragonite|Protect\n|move|p1a: Incineroar|Fake Out|p2b: Pelipper\n|-damage|p2b: Pelipper|0 fnt\n|faint|p2b: Pelipper\n|move|p1b: Aerodactyl|Dual Wingbeat|p2a: Dragonite\n|-activate|p2a: Dragonite|move: Protect\n|\n|-weather|RainDance|[upkeep]\n|upkeep\n|c|\u2606Lance IV|dont tell me what i play\n|c|\u2606vroummm|it's useless you ave already swift swim\n|\n|t:|1776546357\n|switch|p2b: Araquanid|Araquanid, L50, M|100/100\n|turn|4\n|c|\u2606Lance IV|nah\n|c|\u2606Lance IV|hit harder\n|c|\u2606Lance IV|win more\n|inactive|vroummm has 30 seconds left.\n|inactive|Lance IV has 30 seconds left.\n|inactive|vroummm has 20 seconds left.\n|inactive|vroummm has 15 seconds left.\n|inactive|vroummm has 10 seconds left.\n|inactive|vroummm has 5 seconds left.\n|\n|t:|1776546412\n|move|p1a: Incineroar|Fake Out||[still]\n|-hint|Fake Out only works on your first turn out.\n|-fail|p1a: Incineroar\n|move|p2b: Araquanid|Wide Guard|p2b: Araquanid\n|-singleturn|p2b: Araquanid|Wide Guard\n|move|p1b: Aerodactyl|Dual Wingbeat|p2a: Dragonite\n|-damage|p2a: Dragonite|93/100\n|-damage|p2a: Dragonite|79/100\n|-hitcount|p2a: Dragonite|2\n|move|p2a: Dragonite|Draco Meteor|p1a: Incineroar\n|-crit|p1a: Incineroar\n|-damage|p1a: Incineroar|0 fnt\n|-unboost|p2a: Dragonite|spa|2\n|faint|p1a: Incineroar\n|\n|-weather|RainDance|[upkeep]\n|-sideend|p1: vroummm|move: Tailwind\n|-sideend|p2: Lance IV|move: Tailwind\n|upkeep\n|turn|5\n|c|\u2606vroummm|I'm fricking top 7k , i know what i say i eat pokemon , i slept pokemon i work pokemon\n|c|\u2606Lance IV|lmao\n|c|\u2606Lance IV|you also lose pokemon\n|inactive|vroummm has 30 seconds left.\n|inactive|Lance IV has 30 seconds left.\n|inactive|vroummm has 20 seconds left.\n|inactive|vroummm has 15 seconds left.\n|c|\u2606vroummm|That's why ladder suck no OTS\n|inactive|vroummm has 10 seconds left.\n|inactive|vroummm has 5 seconds left.\n|c|\u2606Lance IV|play bo3\n|\n|t:|1776546467\n|move|p2b: Araquanid|Wide Guard|p2b: Araquanid\n|-singleturn|p2b: Araquanid|Wide Guard\n|move|p1b: Aerodactyl|Dual Wingbeat|p2b: Araquanid\n|-supereffective|p2b: Araquanid|1\n|-crit|p2b: Araquanid\n|-damage|p2b: Araquanid|44/100\n|-supereffective|p2b: Araquanid|1\n|-damage|p2b: Araquanid|2/100\n|-hitcount|p2b: Araquanid|2\n|move|p2a: Dragonite|Thunder|p1b: Aerodactyl\n|-supereffective|p1b: Aerodactyl|1\n|-damage|p1b: Aerodactyl|0 fnt\n|faint|p1b: Aerodactyl\n|\n|win|Lance IV\n|raw|vroummm's rating: 1304 &rarr; <strong>1284</strong><br />(-20 for losing)\n|raw|Lance IV's rating: 1300 &rarr; <strong>1325</strong><br />(+25 for winning)\n|c|\u2606Lance IV|gg\n",
  "uploadtime": 1776546494,
  "views": 38,
  "formatid": "gen9championsvgc2026regma",
  "rating": 1284,
  "private": 0,
  "password": null
}