{
  "id": "gen9championsvgc2026regma-2582302998",
  "format": "[Gen 9 Champions] VGC 2026 Reg M-A",
  "players": [
    "lolgz",
    "Alfacides"
  ],
  "log": "|j|\u2606lolgz\n|j|\u2606Alfacides\n|html|<table width=\"100%\"><tr><td align=\"left\">lolgz</td><td align=\"right\">Alfacides</tr><tr><td align=\"left\"><i class=\"fa fa-circle\"></i> <i class=\"fa fa-circle-o\"></i> </td><td align=\"right\"><i class=\"fa fa-circle-o\"></i> <i class=\"fa fa-circle-o\"></i> </tr></table>\n|uhtml|bestof|<h2><strong>Game 2</strong> of <a href=\"/game-bestof3-gen9championsvgc2026regma-2582300703\">a best-of-3</a></h2>\n|t:|1776081471\n|gametype|doubles\n|player|p1|lolgz|266|\n|player|p2|Alfacides|psychic|\n|gen|9\n|tier|[Gen 9 Champions] VGC 2026 Reg M-A\n|rated|Tournament battle\n|rule|Species Clause: Limit one of each Pok\u00e9mon\n|rule|Item Clause: Limit 1 of each item\n|raw|<div class=\"infobox\"><details class=\"readmore\" open><summary><strong>2 custom rules:</strong></summary> Force Open Team Sheets, Best of = 3</details></div>\n|clearpoke\n|poke|p1|Charizard, L50, M|\n|poke|p1|Whimsicott, L50, M|\n|poke|p1|Garchomp, L50, M|\n|poke|p1|Farigiraf, L50, F|\n|poke|p1|Sneasler, L50, M|\n|poke|p1|Floette-Eternal, L50, F|\n|poke|p2|Gardevoir, L50, M|\n|poke|p2|Gallade, L50, M|\n|poke|p2|Talonflame, L50, M|\n|poke|p2|Samurott-Hisui, L50, F|\n|poke|p2|Goodra-Hisui, L50, M|\n|poke|p2|Incineroar, L50, M|\n|teampreview|4\n|showteam|p1|Charizard||CharizarditeY|SolarPower|WeatherBall,HeatWave,SolarBeam,Protect|||M|||50|]Whimsicott||FocusSash|Prankster|Moonblast,Tailwind,SunnyDay,Encore|||M|||50|]Garchomp||ChoiceScarf|RoughSkin|Earthquake,DragonClaw,RockSlide,StompingTantrum|||M|||50|]Farigiraf||SitrusBerry|ArmorTail|Psychic,HyperVoice,Imprison,TrickRoom|||F|||50|]Sneasler||WhiteHerb|Unburden|FakeOut,CloseCombat,DireClaw,ThroatChop|||M|||50|]Floette-Eternal||Floettite|FlowerVeil|DazzlingGleam,LightofRuin,Moonblast,Protect|||F|||50|\n|showteam|p2|Gardevoir||Gardevoirite|Trace|HyperVoice,Psychic,Thunderbolt,Protect|||M|||50|]Gallade||FocusSash|Sharpness|PsychoCut,SacredSword,UpperHand,WideGuard|||M|||50|]Talonflame||WhiteHerb|GaleWings|Tailwind,FlareBlitz,DualWingbeat,UpperHand|||M|||50|]Samurott-Hisui||ChoiceScarf|Sharpness|CeaselessEdge,RazorShell,SacredSword,AquaJet|||F|||50|]Goodra-Hisui||Leftovers|Gooey|Shelter,BodyPress,DragonPulse,FlashCannon|||M|||50|]Incineroar||SitrusBerry|Intimidate|FakeOut,FlareBlitz,PartingShot,DarkestLariat|||M|||50|\n|inactive|Battle timer is ON: inactive players will automatically lose when time's up. (requested by Alfacides)\n|inactive|Alfacides has 60 seconds left.\n|inactive|Alfacides has 30 seconds left.\n|\n|t:|1776081540\n|teamsize|p1|4\n|teamsize|p2|4\n|start\n|switch|p1a: Whimsicott|Whimsicott, L50, M|100/100\n|switch|p1b: Floette|Floette-Eternal, L50, F|100/100\n|switch|p2a: Talonflame|Talonflame, L50, M|100/100\n|switch|p2b: Gardevoir|Gardevoir, L50, M|100/100\n|-ability|p2b: Gardevoir|Prankster|Trace|[from] ability: Trace|[of] p1a: Whimsicott\n|turn|1\n|inactive|lolgz has 30 seconds left.\n|inactive|lolgz has 20 seconds left.\n|\n|t:|1776081578\n|detailschange|p2b: Gardevoir|Gardevoir-Mega, L50, M\n|-mega|p2b: Gardevoir|Gardevoir|Gardevoirite\n|detailschange|p1b: Floette|Floette-Mega, L50, F\n|-mega|p1b: Floette|Floette|Floettite\n|-ability|p1b: Floette|Fairy Aura\n|move|p2a: Talonflame|Tailwind|p2a: Talonflame\n|-sidestart|p2: Alfacides|move: Tailwind\n|move|p1a: Whimsicott|Tailwind|p1a: Whimsicott\n|-sidestart|p1: lolgz|move: Tailwind\n|move|p2b: Gardevoir|Hyper Voice|p1a: Whimsicott|[spread] p1a,p1b\n|-enditem|p1a: Whimsicott|Focus Sash\n|-damage|p1a: Whimsicott|1/100\n|-damage|p1b: Floette|43/100\n|move|p1b: Floette|Dazzling Gleam|p2b: Gardevoir|[spread] p2a,p2b\n|-resisted|p2a: Talonflame|1\n|-damage|p2a: Talonflame|63/100\n|-damage|p2b: Gardevoir|49/100\n|\n|upkeep\n|turn|2\n|inactive|lolgz has 30 seconds left.\n|inactive|lolgz has 20 seconds left.\n|\n|t:|1776081615\n|switch|p2a: vivilion|Goodra-Hisui, L50, M|100/100\n|move|p1b: Floette|Protect|p1b: Floette\n|-singleturn|p1b: Floette|Protect\n|move|p1a: Whimsicott|Moonblast|p2b: Gardevoir\n|-damage|p2b: Gardevoir|3/100\n|move|p2b: Gardevoir|Hyper Voice|p1a: Whimsicott|[spread] p1a\n|-activate|p1b: Floette|move: Protect\n|-damage|p1a: Whimsicott|0 fnt\n|faint|p1a: Whimsicott\n|\n|upkeep\n|\n|t:|1776081625\n|switch|p1a: Sneasler|Sneasler, L50, M|100/100\n|turn|3\n|\n|t:|1776081637\n|switch|p2b: Talonflame|Talonflame, L50, M|63/100\n|move|p1a: Sneasler|Fake Out|p2b: Talonflame\n|-damage|p2b: Talonflame|40/100\n|move|p1b: Floette|Light of Ruin|p2a: vivilion\n|-damage|p2a: vivilion|14/100\n|-damage|p1b: Floette|0 fnt|[from] Recoil\n|faint|p1b: Floette\n|move|p2a: vivilion|Flash Cannon|p1a: Sneasler\n|-damage|p1a: Sneasler|43/100\n|\n|-heal|p2a: vivilion|20/100|[from] item: Leftovers\n|upkeep\n|\n|t:|1776081644\n|switch|p1b: Garchomp|Garchomp, L50, M|100/100\n|turn|4\n|\n|t:|1776081660\n|move|p1b: Garchomp|Rock Slide|p2b: Talonflame|[spread] p2a,p2b\n|-resisted|p2a: vivilion|1\n|-supereffective|p2b: Talonflame|2\n|-damage|p2a: vivilion|10/100\n|-damage|p2b: Talonflame|0 fnt\n|faint|p2b: Talonflame\n|move|p1a: Sneasler|Close Combat|p2a: vivilion\n|-supereffective|p2a: vivilion|1\n|-damage|p2a: vivilion|0 fnt\n|-unboost|p1a: Sneasler|def|1\n|-unboost|p1a: Sneasler|spd|1\n|-ability|p2a: vivilion|Gooey\n|-unboost|p1a: Sneasler|spe|1\n|faint|p2a: vivilion\n|-enditem|p1a: Sneasler|White Herb\n|-clearnegativeboost|p1a: Sneasler|[silent]\n|\n|-sideend|p2: Alfacides|move: Tailwind\n|-sideend|p1: lolgz|move: Tailwind\n|upkeep\n|\n|t:|1776081669\n|switch|p2b: Gallade|Gallade, L50, M|100/100\n|switch|p2a: Gardevoir|Gardevoir-Mega, L50, M|3/100\n|turn|5\n|\n|t:|1776081684\n|move|p2a: Gardevoir|Protect|p2a: Gardevoir\n|-singleturn|p2a: Gardevoir|Protect\n|move|p1a: Sneasler|Dire Claw|p2a: Gardevoir\n|-activate|p2a: Gardevoir|move: Protect\n|move|p1b: Garchomp|Rock Slide|p2a: Gardevoir|[spread] p2b\n|-activate|p2a: Gardevoir|move: Protect\n|-resisted|p2b: Gallade|1\n|-damage|p2b: Gallade|84/100\n|move|p2b: Gallade|Psycho Cut|p1a: Sneasler\n|-supereffective|p1a: Sneasler|2\n|-crit|p1a: Sneasler\n|-damage|p1a: Sneasler|0 fnt\n|faint|p1a: Sneasler\n|\n|upkeep\n|turn|6\n|-message|lolgz forfeited.\n|\n|win|Alfacides\n",
  "uploadtime": 1776081692,
  "views": 17,
  "formatid": "gen9championsvgc2026regma",
  "rating": null,
  "private": 0,
  "password": null
}