{
  "id": "gen9championsvgc2026regma-2584506601",
  "format": "[Gen 9 Champions] VGC 2026 Reg M-A",
  "players": [
    "Callumef",
    "ChanseyMinimize1"
  ],
  "log": "|j|\u2606Callumef\n|j|\u2606ChanseyMinimize1\n|t:|1776265373\n|gametype|doubles\n|player|p1|Callumef|1|1057\n|player|p2|ChanseyMinimize1|101|1000\n|gen|9\n|tier|[Gen 9 Champions] VGC 2026 Reg M-A\n|rated|\n|rule|Species Clause: Limit one of each Pok\u00e9mon\n|rule|Item Clause: Limit 1 of each item\n|clearpoke\n|poke|p1|Garchomp, L50, M|\n|poke|p1|Incineroar, L50, M|\n|poke|p1|Glimmora, L50, F|\n|poke|p1|Lopunny, L50, M|\n|poke|p1|Sinistcha, L50|\n|poke|p1|Rotom-Wash, L50|\n|poke|p2|Froslass, L50, F|\n|poke|p2|Garchomp, L50, F|\n|poke|p2|Rotom-Frost, L50|\n|poke|p2|Empoleon, L50, M|\n|poke|p2|Incineroar, L50, F|\n|poke|p2|Kingambit, L50, M|\n|teampreview|4\n|\n|t:|1776265409\n|teamsize|p1|4\n|teamsize|p2|4\n|start\n|switch|p1a: Lopunny|Lopunny, L50, M|100/100\n|switch|p1b: Incineroar|Incineroar, L50, M|100/100\n|switch|p2a: Kingambit|Kingambit, L50, M, shiny|100/100\n|switch|p2b: Incineroar|Incineroar, L50, F, shiny|100/100\n|-ability|p1b: Incineroar|Intimidate|boost\n|-unboost|p2a: Kingambit|atk|1\n|-ability|p2a: Kingambit|Defiant|boost\n|-boost|p2a: Kingambit|atk|2\n|-unboost|p2b: Incineroar|atk|1\n|-ability|p2b: Incineroar|Intimidate|boost\n|-unboost|p1a: Lopunny|atk|1\n|-unboost|p1b: Incineroar|atk|1\n|turn|1\n|\n|t:|1776265439\n|detailschange|p1a: Lopunny|Lopunny-Mega, L50, M\n|-mega|p1a: Lopunny|Lopunny|Lopunnite\n|move|p1b: Incineroar|Fake Out|p2b: Incineroar\n|-damage|p2b: Incineroar|94/100\n|cant|p2b: Incineroar|flinch\n|move|p1a: Lopunny|Close Combat|p2a: Kingambit\n|-supereffective|p2a: Kingambit|2\n|-enditem|p2a: Kingambit|Focus Sash\n|-damage|p2a: Kingambit|1/100\n|-unboost|p1a: Lopunny|def|1\n|-unboost|p1a: Lopunny|spd|1\n|move|p2a: Kingambit|Low Kick|p1a: Lopunny\n|-supereffective|p1a: Lopunny|1\n|-damage|p1a: Lopunny|0 fnt\n|faint|p1a: Lopunny\n|\n|upkeep\n|\n|t:|1776265458\n|switch|p1a: Garchomp|Garchomp, L50, M|100/100\n|turn|2\n|\n|t:|1776265484\n|switch|p1b: Sinistcha|Sinistcha, L50|100/100\n|switch|p2b: Rotom|Rotom-Frost, L50, shiny|100/100\n|move|p2a: Kingambit|Protect|p2a: Kingambit\n|-singleturn|p2a: Kingambit|Protect\n|move|p1a: Garchomp|Earthquake|p2a: Kingambit|[spread] p1b\n|-activate|p2a: Kingambit|move: Protect\n|-immune|p2b: Rotom|[from] ability: Levitate\n|-resisted|p1b: Sinistcha|1\n|-damage|p1b: Sinistcha|81/100\n|\n|-heal|p1b: Sinistcha|88/100|[from] item: Leftovers\n|upkeep\n|turn|3\n|\n|t:|1776265521\n|move|p2a: Kingambit|Sucker Punch|p1b: Sinistcha\n|-supereffective|p1b: Sinistcha|1\n|-damage|p1b: Sinistcha|0 fnt\n|faint|p1b: Sinistcha\n|move|p2b: Rotom|Blizzard|p1a: Garchomp\n|-supereffective|p1a: Garchomp|2\n|-damage|p1a: Garchomp|0 fnt\n|faint|p1a: Garchomp\n|\n|upkeep\n|-message|Callumef forfeited.\n|\n|win|ChanseyMinimize1\n|raw|Callumef's rating: 1057 &rarr; <strong>1035</strong><br />(-22 for losing)\n|raw|ChanseyMinimize1's rating: 1000 &rarr; <strong>1047</strong><br />(+47 for winning)\n|l|\u2606Callumef\n|player|p1|\n",
  "uploadtime": 1776265633,
  "views": 36,
  "formatid": "gen9championsvgc2026regma",
  "rating": 1035,
  "private": 0,
  "password": null
}