{
  "id": "gen9championsvgc2026regma-2581597504",
  "format": "[Gen 9 Champions] VGC 2026 Reg M-A",
  "players": [
    "skyadillo",
    "poyoloswag"
  ],
  "log": "|j|\u2606skyadillo\n|j|\u2606poyoloswag\n|t:|1776013920\n|gametype|doubles\n|player|p1|skyadillo|elesa|1047\n|player|p2|poyoloswag|170|1058\n|gen|9\n|tier|[Gen 9 Champions] VGC 2026 Reg M-A\n|rated|\n|rule|Species Clause: Limit one of each Pok\u00e9mon\n|rule|Item Clause: Limit 1 of each item\n|clearpoke\n|poke|p1|Froslass, L50, F|\n|poke|p1|Whimsicott, L50, F|\n|poke|p1|Greninja-*, L50, M|\n|poke|p1|Incineroar, L50, M|\n|poke|p1|Decidueye-Hisui, L50, F|\n|poke|p1|Dragapult, L50, M|\n|poke|p2|Starmie, L50|\n|poke|p2|Dragonite, L50, M|\n|poke|p2|Delphox, L50, F|\n|poke|p2|Garchomp, L50, F|\n|poke|p2|Hydreigon, L50, F|\n|poke|p2|Alcremie, L50, F|\n|teampreview|4\n|inactive|Battle timer is ON: inactive players will automatically lose when time's up. (requested by poyoloswag)\nskyadillo has agreed to open team sheets.\n|c|\u2606skyadillo|glhf\\\n|\n|t:|1776013950\n|teamsize|p1|4\n|teamsize|p2|4\n|start\n|switch|p1a: Froslass|Froslass, L50, F|100/100\n|switch|p1b: Greninja|Greninja, L50, M|100/100\n|switch|p2a: Hydreigon|Hydreigon, L50, F|100/100\n|switch|p2b: Delphox|Delphox, L50, F|100/100\n|turn|1\n|inactive|skyadillo has 30 seconds left.\n|\n|t:|1776013984\n|detailschange|p2b: Delphox|Delphox-Mega, L50, F\n|-mega|p2b: Delphox|Delphox|Delphoxite\n|detailschange|p1a: Froslass|Froslass-Mega, L50, F\n|-mega|p1a: Froslass|Froslass|Froslassite\n|-weather|Snowscape|[from] ability: Snow Warning|[of] p1a: Froslass\n|move|p2a: Hydreigon|Helping Hand|p2b: Delphox\n|-singleturn|p2b: Delphox|Helping Hand|[of] p2a: Hydreigon\n|move|p1b: Greninja|Hydro Pump|p2b: Delphox\n|-start|p1b: Greninja|typechange|Water|[from] ability: Protean\n|-supereffective|p2b: Delphox|1\n|-crit|p2b: Delphox\n|-damage|p2b: Delphox|0 fnt\n|faint|p2b: Delphox\n|move|p1a: Froslass|Aurora Veil|p1a: Froslass\n|-sidestart|p1: skyadillo|move: Aurora Veil\n|\n|-weather|Snowscape|[upkeep]\n|upkeep\n|-message|poyoloswag forfeited.\n|\n|win|skyadillo\n|raw|skyadillo's rating: 1047 &rarr; <strong>1081</strong><br />(+34 for winning)\n|raw|poyoloswag's rating: 1058 &rarr; <strong>1039</strong><br />(-19 for losing)\n|l|\u2606poyoloswag\n|player|p2|\n",
  "uploadtime": 1776014023,
  "views": 18,
  "formatid": "gen9championsvgc2026regma",
  "rating": 1039,
  "private": 0,
  "password": null
}