{
  "id": "gen9championsvgc2026regma-2583931937",
  "format": "[Gen 9 Champions] VGC 2026 Reg M-A",
  "players": [
    "chichinitz",
    "Yenkfoggin"
  ],
  "log": "|j|\u2606chichinitz\n|j|\u2606Yenkfoggin\n|t:|1776209421\n|gametype|doubles\n|player|p1|chichinitz|psychic-gen4|\n|player|p2|Yenkfoggin|102|\n|gen|9\n|tier|[Gen 9 Champions] VGC 2026 Reg M-A\n|rule|Species Clause: Limit one of each Pok\u00e9mon\n|rule|Item Clause: Limit 1 of each item\n|clearpoke\n|poke|p1|Meganium, L50, F|\n|poke|p1|Pelipper, L50, M|\n|poke|p1|Basculegion, L50, M|\n|poke|p1|Archaludon, L50, F|\n|poke|p1|Aerodactyl, L50, M|\n|poke|p1|Kangaskhan, L50, F|\n|poke|p2|Starmie, L50|\n|poke|p2|Tyranitar, L50, F|\n|poke|p2|Garchomp, L50, F|\n|poke|p2|Aerodactyl, L50, F|\n|poke|p2|Rotom-Heat, L50|\n|poke|p2|Aegislash, L50, M|\n|teampreview|4\n|\n|t:|1776209455\n|teamsize|p1|4\n|teamsize|p2|4\n|start\n|switch|p1a: Kangaskhan|Kangaskhan, L50, F|100/100\n|switch|p1b: Aerodactyl|Aerodactyl, L50, M|100/100\n|switch|p2a: Jurassic World|Aerodactyl, L50, F|100/100\n|switch|p2b: ARFOLD|Rotom-Heat, L50|100/100\n|-ability|p2a: Jurassic World|Unnerve\n|-ability|p1b: Aerodactyl|Unnerve\n|turn|1\n|\n|t:|1776209478\n|detailschange|p1a: Kangaskhan|Kangaskhan-Mega, L50, F\n|-mega|p1a: Kangaskhan|Kangaskhan|Kangaskhanite\n|move|p1a: Kangaskhan|Fake Out|p2a: Jurassic World\n|-resisted|p2a: Jurassic World|1\n|-damage|p2a: Jurassic World|86/100\n|-resisted|p2a: Jurassic World|1\n|-damage|p2a: Jurassic World|83/100\n|-hitcount|p2a: Jurassic World|2\n|cant|p2a: Jurassic World|flinch\n|move|p1b: Aerodactyl|Tailwind|p1b: Aerodactyl\n|-sidestart|p1: chichinitz|move: Tailwind\n|move|p2b: ARFOLD|Thunderbolt|p1b: Aerodactyl\n|-supereffective|p1b: Aerodactyl|1\n|-damage|p1b: Aerodactyl|4/100\n|\n|upkeep\n|turn|2\n|\n|t:|1776209506\n|move|p2b: ARFOLD|Protect|p2b: ARFOLD\n|-singleturn|p2b: ARFOLD|Protect\n|move|p1b: Aerodactyl|Rock Slide|p2a: Jurassic World|[spread] p2a\n|-activate|p2b: ARFOLD|move: Protect\n|-supereffective|p2a: Jurassic World|1\n|-damage|p2a: Jurassic World|6/100\n|move|p1a: Kangaskhan|Double-Edge|p2a: Jurassic World\n|-resisted|p2a: Jurassic World|1\n|-damage|p2a: Jurassic World|0 fnt\n|faint|p2a: Jurassic World\n|-hitcount|p2: Jurassic World|1\n|-damage|p1a: Kangaskhan|99/100|[from] Recoil\n|\n|upkeep\n|\n|t:|1776209522\n|switch|p2a: Jarma|Starmie, L50|100/100\n|turn|3\n|\n|t:|1776209545\n|detailschange|p2a: Jarma|Starmie-Mega, L50\n|-mega|p2a: Jarma|Starmie|Starminite\n|move|p1b: Aerodactyl|Rock Slide|p2a: Jarma|[spread] p2a,p2b\n|-supereffective|p2b: ARFOLD|1\n|-damage|p2a: Jarma|63/100\n|-damage|p2b: ARFOLD|29/100\n|move|p1a: Kangaskhan|Double-Edge|p2a: Jarma\n|-damage|p2a: Jarma|0 fnt\n|faint|p2a: Jarma\n|-hitcount|p2: Jarma|1\n|-damage|p1a: Kangaskhan|83/100|[from] Recoil\n|cant|p2b: ARFOLD|flinch\n|\n|upkeep\n|\n|t:|1776209558\n|switch|p2a: King Kong|Tyranitar, L50, F|100/100\n|-weather|Sandstorm|[from] ability: Sand Stream|[of] p2a: King Kong\n|turn|4\n|\n|t:|1776209574\n|move|p1b: Aerodactyl|Rock Slide|p2b: ARFOLD|[spread] p2a,p2b\n|-supereffective|p2b: ARFOLD|1\n|-damage|p2a: King Kong|71/100\n|-damage|p2b: ARFOLD|0 fnt\n|faint|p2b: ARFOLD\n|move|p1a: Kangaskhan|Low Kick|p2a: King Kong\n|-supereffective|p2a: King Kong|2\n|-damage|p2a: King Kong|0 fnt\n|faint|p2a: King Kong\n|-hitcount|p2: King Kong|1\n|\n|win|chichinitz\n",
  "uploadtime": 1776209584,
  "views": 22,
  "formatid": "gen9championsvgc2026regma",
  "rating": null,
  "private": 0,
  "password": null
}