{
  "id": "gen9championsvgc2026regma-2585961281",
  "format": "[Gen 9 Champions] VGC 2026 Reg M-A",
  "players": [
    "saisai0305",
    "noRNGplz"
  ],
  "log": "|j|\u2606saisai0305\n|j|\u2606noRNGplz\n|t:|1776385372\n|gametype|doubles\n|player|p1|saisai0305|265|1303\n|player|p2|noRNGplz|169|1348\n|gen|9\n|tier|[Gen 9 Champions] VGC 2026 Reg M-A\n|rated|\n|rule|Species Clause: Limit one of each Pok\u00e9mon\n|rule|Item Clause: Limit 1 of each item\n|clearpoke\n|poke|p1|Pelipper, L50, F|\n|poke|p1|Basculegion, L50, M|\n|poke|p1|Archaludon, L50, F|\n|poke|p1|Incineroar, L50, F|\n|poke|p1|Sinistcha, L50|\n|poke|p1|Kangaskhan, L50, F|\n|poke|p2|Pidgeot, L50, F|\n|poke|p2|Goodra-Hisui, L50, F|\n|poke|p2|Sneasler, L50, F|\n|poke|p2|Basculegion, L50, M|\n|poke|p2|Tyranitar, L50, M|\n|poke|p2|Delphox, L50, M|\n|teampreview|4\n|inactive|Battle timer is ON: inactive players will automatically lose when time's up. (requested by saisai0305)\nsaisai0305 has agreed to open team sheets.\n|inactive|saisai0305 has 60 seconds left.\n|\n|t:|1776385415\n|teamsize|p1|4\n|teamsize|p2|4\n|start\n|switch|p1a: Incineroar|Incineroar, L50, F|100/100\n|switch|p1b: Pelipper|Pelipper, L50, F|100/100\n|switch|p2a: Goodra|Goodra-Hisui, L50, F|100/100\n|switch|p2b: Basculegion|Basculegion, L50, M|100/100\n|-weather|RainDance|[from] ability: Drizzle|[of] p1b: Pelipper\n|-ability|p1a: Incineroar|Intimidate|boost\n|-unboost|p2a: Goodra|atk|1\n|-unboost|p2b: Basculegion|atk|1\n|turn|1\n|\n|t:|1776385426\n|move|p2b: Basculegion|Flip Turn|p1a: Incineroar\n|-supereffective|p1a: Incineroar|1\n|-enditem|p1a: Incineroar|Passho Berry|[eat]\n|-enditem|p1a: Incineroar|Passho Berry|[weaken]\n|-damage|p1a: Incineroar|68/100\n|\n|t:|1776385435\n|switch|p2b: Pidgeot|Pidgeot, L50, F|100/100|[from] Flip Turn\n|move|p1b: Pelipper|Tailwind|p1b: Pelipper\n|-sidestart|p1: saisai0305|move: Tailwind\n|move|p1a: Incineroar|Parting Shot|p2b: Pidgeot\n|-unboost|p2b: Pidgeot|atk|1\n|-unboost|p2b: Pidgeot|spa|1\n|\n|t:|1776385444\n|switch|p1a: Basculegion|Basculegion, L50, M|100/100|[from] Parting Shot\n|move|p2a: Goodra|Shelter|p2a: Goodra\n|-boost|p2a: Goodra|def|2\n|\n|-weather|RainDance|[upkeep]\n|upkeep\n|turn|2\n|\n|t:|1776385454\n|move|p2b: Pidgeot|Protect|p2b: Pidgeot\n|-singleturn|p2b: Pidgeot|Protect\n|move|p1a: Basculegion|Flip Turn|p2b: Pidgeot\n|-activate|p2b: Pidgeot|move: Protect\n|move|p1b: Pelipper|Hurricane|p2a: Goodra\n|-resisted|p2a: Goodra|1\n|-damage|p2a: Goodra|84/100\n|move|p2a: Goodra|Shelter|p2a: Goodra\n|-boost|p2a: Goodra|def|2\n|\n|-weather|RainDance|[upkeep]\n|-heal|p2a: Goodra|90/100|[from] item: Leftovers\n|upkeep\n|turn|3\n|\n|t:|1776385469\n|detailschange|p2b: Pidgeot|Pidgeot-Mega, L50, F\n|-mega|p2b: Pidgeot|Pidgeot|Pidgeotite\n|move|p1a: Basculegion|Flip Turn|p2b: Pidgeot\n|-damage|p2b: Pidgeot|16/100\n|\n|t:|1776385480\n|switch|p1a: Archaludon|Archaludon, L50, F|100/100|[from] Flip Turn\n|move|p1b: Pelipper|Hurricane|p2a: Goodra\n|-resisted|p2a: Goodra|1\n|-damage|p2a: Goodra|73/100\n|move|p2b: Pidgeot|Tailwind|p2b: Pidgeot\n|-sidestart|p2: noRNGplz|move: Tailwind\n|move|p2a: Goodra|Body Press|p1a: Archaludon\n|-supereffective|p1a: Archaludon|1\n|-ability|p1a: Archaludon|Sturdy\n|-damage|p1a: Archaludon|1/100\n|\n|-weather|RainDance|[upkeep]\n|-heal|p2a: Goodra|79/100|[from] item: Leftovers\n|upkeep\n|turn|4\n|\n|t:|1776385501\n|move|p2b: Pidgeot|Hurricane|p1a: Archaludon\n|-resisted|p1a: Archaludon|1\n|-damage|p1a: Archaludon|0 fnt\n|faint|p1a: Archaludon\n|move|p1b: Pelipper|Hurricane|p2a: Goodra\n|-resisted|p2a: Goodra|1\n|-damage|p2a: Goodra|61/100\n|move|p2a: Goodra|Shelter|p2a: Goodra\n|-boost|p2a: Goodra|def|2\n|\n|-weather|RainDance|[upkeep]\n|-heal|p2a: Goodra|67/100|[from] item: Leftovers\n|-sideend|p1: saisai0305|move: Tailwind\n|upkeep\n|-message|saisai0305 forfeited.\n|\n|win|noRNGplz\n|raw|saisai0305's rating: 1303 &rarr; <strong>1286</strong><br />(-17 for losing)\n|raw|noRNGplz's rating: 1348 &rarr; <strong>1365</strong><br />(+17 for winning)\n",
  "uploadtime": 1776385514,
  "views": 56,
  "formatid": "gen9championsvgc2026regma",
  "rating": 1286,
  "private": 0,
  "password": null
}