{
  "id": "gen9championsvgc2026regma-2583930901",
  "format": "[Gen 9 Champions] VGC 2026 Reg M-A",
  "players": [
    "miseria010",
    "josephcaa"
  ],
  "log": "|j|\u2606miseria010\n|j|\u2606josephcaa\n|t:|1776209329\n|gametype|doubles\n|player|p1|miseria010|unknown|1211\n|player|p2|josephcaa|101|1156\n|gen|9\n|tier|[Gen 9 Champions] VGC 2026 Reg M-A\n|rated|\n|rule|Species Clause: Limit one of each Pok\u00e9mon\n|rule|Item Clause: Limit 1 of each item\n|clearpoke\n|poke|p1|Charizard, L50, M|\n|poke|p1|Venusaur, L50, M|\n|poke|p1|Whimsicott, L50, F|\n|poke|p1|Incineroar, L50, M|\n|poke|p1|Garchomp, L50, M|\n|poke|p1|Conkeldurr, L50, M|\n|poke|p2|Sneasler, L50, M|\n|poke|p2|Sylveon, L50, F|\n|poke|p2|Blastoise, L50, M|\n|poke|p2|Aerodactyl, L50, F|\n|poke|p2|Sinistcha, L50|\n|poke|p2|Garchomp, L50, M|\n|teampreview|4\n|inactive|Battle timer is ON: inactive players will automatically lose when time's up. (requested by josephcaa)\n|inactive|miseria010 has 60 seconds left.\n|\n|t:|1776209361\n|teamsize|p1|4\n|teamsize|p2|4\n|start\n|switch|p1a: Charizard|Charizard, L50, M, shiny|100/100\n|switch|p1b: Whimsicott|Whimsicott, L50, F|100/100\n|switch|p2a: Sneasler|Sneasler, L50, M|100/100\n|switch|p2b: Blastoise|Blastoise, L50, M|100/100\n|turn|1\n|inactive|josephcaa has 30 seconds left.\n|inactive|josephcaa has 20 seconds left.\n|inactive|josephcaa has 15 seconds left.\n|\n|t:|1776209402\n|move|p1a: Charizard|Protect|p1a: Charizard\n|-singleturn|p1a: Charizard|Protect\n|move|p2b: Blastoise|Protect|p2b: Blastoise\n|-singleturn|p2b: Blastoise|Protect\n|move|p2a: Sneasler|Fake Out|p1b: Whimsicott\n|-damage|p1b: Whimsicott|76/100\n|cant|p1b: Whimsicott|flinch\n|\n|upkeep\n|turn|2\n|\n|t:|1776209425\n|detailschange|p1a: Charizard|Charizard-Mega-Y, L50, M, shiny\n|-mega|p1a: Charizard|Charizard|Charizardite Y\n|-weather|SunnyDay|[from] ability: Drought|[of] p1a: Charizard\n|detailschange|p2b: Blastoise|Blastoise-Mega, L50, M\n|-mega|p2b: Blastoise|Blastoise|Blastoisinite\n|move|p1b: Whimsicott|Tailwind|p1b: Whimsicott\n|-sidestart|p1: miseria010|move: Tailwind\n|move|p1a: Charizard|Solar Beam||[still]\n|-prepare|p1a: Charizard|Solar Beam\n|-anim|p1a: Charizard|Solar Beam|p2b: Blastoise\n|-supereffective|p2b: Blastoise|1\n|-damage|p2b: Blastoise|1/100\n|move|p2a: Sneasler|Dire Claw|p1b: Whimsicott\n|-supereffective|p1b: Whimsicott|2\n|-damage|p1b: Whimsicott|0 fnt\n|faint|p1b: Whimsicott\n|move|p2b: Blastoise|Water Spout|p1a: Charizard\n|-supereffective|p1a: Charizard|1\n|-damage|p1a: Charizard|99/100\n|\n|-weather|SunnyDay|[upkeep]\n|upkeep\n|\n|t:|1776209446\n|switch|p1b: Conkeldurr|Conkeldurr, L50, M|100/100\n|turn|3\n|\n|t:|1776209462\n|switch|p2a: Aerodactyl|Aerodactyl, L50, F|100/100\n|move|p1b: Conkeldurr|Mach Punch|p2a: Aerodactyl\n|-damage|p2a: Aerodactyl|58/100\n|move|p1a: Charizard|Heat Wave|p2b: Blastoise|[spread] p2a,p2b\n|-resisted|p2a: Aerodactyl|1\n|-resisted|p2b: Blastoise|1\n|-damage|p2a: Aerodactyl|6/100\n|-damage|p2b: Blastoise|0 fnt\n|-status|p2a: Aerodactyl|brn\n|faint|p2b: Blastoise\n|\n|-weather|SunnyDay|[upkeep]\n|-damage|p2a: Aerodactyl|0 fnt|[from] brn\n|faint|p2a: Aerodactyl\n|upkeep\n|-message|josephcaa forfeited.\n|\n|win|miseria010\n|raw|miseria010's rating: 1211 &rarr; <strong>1232</strong><br />(+21 for winning)\n|raw|josephcaa's rating: 1156 &rarr; <strong>1135</strong><br />(-21 for losing)\n|l|\u2606josephcaa\n|player|p2|\n",
  "uploadtime": 1776209493,
  "views": 17,
  "formatid": "gen9championsvgc2026regma",
  "rating": 1135,
  "private": 0,
  "password": null
}