{
  "id": "gen9championsvgc2026regma-2584833299",
  "format": "[Gen 9 Champions] VGC 2026 Reg M-A",
  "players": [
    "kynshi",
    "Jaymanxx91"
  ],
  "log": "|j|\u2606kynshi\n|j|\u203dJaymanxx91\n|t:|1776287185\n|gametype|doubles\n|player|p1|kynshi|red|1091\n|player|p2|Jaymanxx91|hiker-gen4|1000\n|gen|9\n|tier|[Gen 9 Champions] VGC 2026 Reg M-A\n|rated|\n|rule|Species Clause: Limit one of each Pok\u00e9mon\n|rule|Item Clause: Limit 1 of each item\n|clearpoke\n|poke|p1|Whimsicott, L50, F|\n|poke|p1|Charizard, L50, M|\n|poke|p1|Garchomp, L50, M|\n|poke|p1|Incineroar, L50, F|\n|poke|p1|Venusaur, L50, F|\n|poke|p1|Sneasler, L50, M|\n|poke|p2|Typhlosion-Hisui, L50, M|\n|poke|p2|Charizard, L50, F|\n|poke|p2|Venusaur, L50, M|\n|poke|p2|Primarina, L50, F|\n|poke|p2|Kingambit, L50, F|\n|poke|p2|Maushold, L50|\n|teampreview|4\n|inactive|Battle timer is ON: inactive players will automatically lose when time's up. (requested by Jaymanxx91)\n|inactive|kynshi also wants the timer to be on.\n|\n|t:|1776287215\n|teamsize|p1|4\n|teamsize|p2|4\n|start\n|switch|p1a: Wata|Whimsicott, L50, F|100/100\n|switch|p1b: Garchomp|Garchomp, L50, M|100/100\n|switch|p2a: Kingambit|Kingambit, L50, F|100/100\n|switch|p2b: Maushold|Maushold, L50|100/100\n|turn|1\n|inactive|kynshi has 30 seconds left.\n|inactive|kynshi has 20 seconds left.\n|\n|t:|1776287251\n|move|p2a: Kingambit|Protect|p2a: Kingambit\n|-singleturn|p2a: Kingambit|Protect\n|move|p1b: Garchomp|Earthquake|p2a: Kingambit|[spread] p1a,p2b\n|-activate|p2a: Kingambit|move: Protect\n|-resisted|p1a: Wata|1\n|-crit|p1a: Wata\n|-damage|p1a: Wata|59/100\n|-damage|p2b: Maushold|49/100\n|-enditem|p2b: Maushold|Sitrus Berry|[eat]\n|-heal|p2b: Maushold|73/100|[from] item: Sitrus Berry\n|move|p2b: Maushold|Taunt|p1a: Wata\n|-start|p1a: Wata|move: Taunt\n|move|p1a: Wata|Moonblast|p2b: Maushold\n|-damage|p2b: Maushold|25/100\n|\n|upkeep\n|turn|2\n|inactive|kynshi has 30 seconds left.\n|inactive|Jaymanxx91 has 30 seconds left.\n|\n|t:|1776287277\n|switch|p1a: Charizard|Charizard, L50, M|100/100\n|move|p2b: Maushold|Protect|p2b: Maushold\n|-singleturn|p2b: Maushold|Protect\n|move|p2a: Kingambit|Sucker Punch|p1b: Garchomp\n|-damage|p1b: Garchomp|55/100\n|-damage|p2a: Kingambit|88/100|[from] ability: Rough Skin|[of] p1b: Garchomp\n|move|p1b: Garchomp|Earthquake|p2b: Maushold|[spread] p2a\n|-activate|p2b: Maushold|move: Protect\n|-immune|p1a: Charizard\n|-supereffective|p2a: Kingambit|1\n|-damage|p2a: Kingambit|46/100\n|\n|upkeep\n|turn|3\n|\n|t:|1776287299\n|detailschange|p1a: Charizard|Charizard-Mega-Y, L50, M\n|-mega|p1a: Charizard|Charizard|Charizardite Y\n|-weather|SunnyDay|[from] ability: Drought|[of] p1a: Charizard\n|move|p2b: Maushold|Follow Me|p2b: Maushold\n|-singleturn|p2b: Maushold|move: Follow Me\n|move|p2a: Kingambit|Sucker Punch|p1a: Charizard\n|-damage|p1a: Charizard|24/100\n|move|p1b: Garchomp|Earthquake|p2a: Kingambit|[spread] p2a,p2b\n|-immune|p1a: Charizard\n|-supereffective|p2a: Kingambit|1\n|-damage|p2a: Kingambit|0 fnt\n|-damage|p2b: Maushold|0 fnt\n|faint|p2a: Kingambit\n|faint|p2b: Maushold\n|move|p1a: Charizard|Heat Wave|p2: Kingambit|[notarget]\n|-fail|p1a: Charizard\n|\n|-weather|SunnyDay|[upkeep]\n|upkeep\n|\n|t:|1776287317\n|switch|p2b: Typhlosion|Typhlosion-Hisui, L50, M|100/100\n|switch|p2a: Primarina|Primarina, L50, F|100/100\n|-item|p1a: Charizard|Charizardite Y|[from] ability: Frisk|[of] p2b: Typhlosion\n|-item|p1b: Garchomp|Choice Scarf|[from] ability: Frisk|[of] p2b: Typhlosion\n|turn|4\n|\n|t:|1776287333\n|move|p1b: Garchomp|Earthquake|p2b: Typhlosion|[spread] p2a,p2b\n|-immune|p1a: Charizard\n|-supereffective|p2b: Typhlosion|1\n|-damage|p2a: Primarina|56/100\n|-damage|p2b: Typhlosion|0 fnt\n|faint|p2b: Typhlosion\n|move|p1a: Charizard|Solar Beam||[still]\n|-prepare|p1a: Charizard|Solar Beam\n|-anim|p1a: Charizard|Solar Beam|p2a: Primarina\n|-supereffective|p2a: Primarina|1\n|-damage|p2a: Primarina|0 fnt\n|faint|p2a: Primarina\n|\n|win|kynshi\n|raw|kynshi's rating: 1091 &rarr; <strong>1111</strong><br />(+20 for winning)\n|raw|Jaymanxx91's rating: 1000 &rarr; <strong>1000</strong><br />(+0 for losing)\n|l|\u203dJaymanxx91\n|player|p2|\n",
  "uploadtime": 1776287344,
  "views": 22,
  "formatid": "gen9championsvgc2026regma",
  "rating": 1000,
  "private": 0,
  "password": null
}