{
  "id": "gen9championsvgc2026regma-2588363582",
  "format": "[Gen 9 Champions] VGC 2026 Reg M-A",
  "players": [
    "KUTF1",
    "Ryderrrrr"
  ],
  "log": "|j|\u2606KUTF1\n|j|\u2606Ryderrrrr\n|t:|1776627331\n|gametype|doubles\n|player|p1|KUTF1|pokemonrangerf|1385\n|player|p2|Ryderrrrr|wallace|1415\n|gen|9\n|tier|[Gen 9 Champions] VGC 2026 Reg M-A\n|rated|\n|rule|Species Clause: Limit one of each Pok\u00e9mon\n|rule|Item Clause: Limit 1 of each item\n|clearpoke\n|poke|p1|Delphox, L50, F|\n|poke|p1|Garchomp, L50, M|\n|poke|p1|Whimsicott, L50, M|\n|poke|p1|Incineroar, L50, M|\n|poke|p1|Venusaur, L50, M|\n|poke|p1|Orthworm, L50, F|\n|poke|p2|Floette-Eternal, L50, F|\n|poke|p2|Glimmora, L50, M|\n|poke|p2|Talonflame, L50, M|\n|poke|p2|Incineroar, L50, F|\n|poke|p2|Sinistcha, L50|\n|poke|p2|Kingambit, L50, F|\n|teampreview|4\n|inactive|Battle timer is ON: inactive players will automatically lose when time's up. (requested by Ryderrrrr)\n|inactive|KUTF1 also wants the timer to be on.\n|inactive|Ryderrrrr has 60 seconds left.\n|\n|t:|1776627383\n|teamsize|p1|4\n|teamsize|p2|4\n|start\n|switch|p1a: Orthworm|Orthworm, L50, F|100/100\n|switch|p1b: Garchomp|Garchomp, L50, M|100/100\n|switch|p2a: Incineroar|Incineroar, L50, F|100/100\n|switch|p2b: Talonflame|Talonflame, L50, M|100/100\n|-ability|p2a: Incineroar|Intimidate|boost\n|-unboost|p1a: Orthworm|atk|1\n|-unboost|p1b: Garchomp|atk|1\n|-enditem|p1b: Garchomp|White Herb\n|-clearnegativeboost|p1b: Garchomp|[silent]\n|turn|1\n|\n|t:|1776627396\n|move|p2b: Talonflame|Will-O-Wisp|p1b: Garchomp\n|-status|p1b: Garchomp|brn\n|move|p1b: Garchomp|Rock Slide|p2a: Incineroar|[spread] p2a,p2b\n|-supereffective|p2a: Incineroar|1\n|-supereffective|p2b: Talonflame|2\n|-damage|p2a: Incineroar|83/100\n|-damage|p2b: Talonflame|45/100\n|move|p2a: Incineroar|Flare Blitz|p1a: Orthworm\n|-supereffective|p1a: Orthworm|1\n|-damage|p1a: Orthworm|49/100\n|-enditem|p1a: Orthworm|Sitrus Berry|[eat]\n|-heal|p1a: Orthworm|73/100|[from] item: Sitrus Berry\n|-damage|p2a: Incineroar|68/100|[from] Recoil\n|move|p1a: Orthworm|Shed Tail|p1a: Orthworm\n|-start|p1a: Orthworm|Substitute|[from] move: Shed Tail\n|-damage|p1a: Orthworm|23/100\n|\n|t:|1776627401\n|switch|p1a: Delphox|Delphox, L50, F|100/100|[from] Shed Tail\n|\n|-damage|p1b: Garchomp|94/100 brn|[from] brn\n|upkeep\n|turn|2\n|\n|t:|1776627417\n|detailschange|p1a: Delphox|Delphox-Mega, L50, F\n|-mega|p1a: Delphox|Delphox|Delphoxite\n|move|p2b: Talonflame|Protect|p2b: Talonflame\n|-singleturn|p2b: Talonflame|Protect\n|move|p1a: Delphox|Nasty Plot|p1a: Delphox\n|-boost|p1a: Delphox|spa|2\n|move|p1b: Garchomp|Rock Slide|p2b: Talonflame|[spread] p2a\n|-activate|p2b: Talonflame|move: Protect\n|-supereffective|p2a: Incineroar|1\n|-damage|p2a: Incineroar|52/100\n|move|p2a: Incineroar|Parting Shot|p1b: Garchomp\n|-unboost|p1b: Garchomp|atk|1\n|-unboost|p1b: Garchomp|spa|1\n|\n|t:|1776627432\n|switch|p2a: Floette|Floette-Eternal, L50, F|100/100|[from] Parting Shot\n|\n|-damage|p1b: Garchomp|88/100 brn|[from] brn\n|upkeep\n|turn|3\n|\n|t:|1776627443\n|switch|p2b: Incineroar|Incineroar, L50, F|52/100\n|-ability|p2b: Incineroar|Intimidate|boost\n|-immune|p1a: Delphox\n|-unboost|p1b: Garchomp|atk|1\n|move|p1a: Delphox|Nasty Plot|p1a: Delphox\n|-boost|p1a: Delphox|spa|2\n|move|p1b: Garchomp|Earthquake|p2a: Floette|[spread] p2a,p2b\n|-immune|p1a: Delphox|[from] ability: Levitate\n|-crit|p2a: Floette\n|-supereffective|p2b: Incineroar|1\n|-damage|p2a: Floette|67/100\n|-damage|p2b: Incineroar|34/100\n|move|p2a: Floette|Moonblast|p1b: Garchomp\n|-supereffective|p1b: Garchomp|1\n|-damage|p1b: Garchomp|0 fnt\n|faint|p1b: Garchomp\n|\n|upkeep\n|\n|t:|1776627445\n|switch|p1b: Whimsicott|Whimsicott, L50, M|100/100\n|turn|4\n|-message|Ryderrrrr forfeited.\n|\n|win|KUTF1\n|raw|KUTF1's rating: 1385 &rarr; <strong>1407</strong><br />(+22 for winning)\n|raw|Ryderrrrr's rating: 1415 &rarr; <strong>1393</strong><br />(-22 for losing)\n|l|\u2606Ryderrrrr\n|player|p2|\n",
  "uploadtime": 1776627464,
  "views": 12,
  "formatid": "gen9championsvgc2026regma",
  "rating": 1393,
  "private": 0,
  "password": null
}