{
  "id": "gen9championsvgc2026regma-2587106289",
  "format": "[Gen 9 Champions] VGC 2026 Reg M-A",
  "players": [
    "Cevan77",
    "KobeIsMe"
  ],
  "log": "|j|\u2606Cevan77\n|j|\u2606KobeIsMe\n|t:|1776494243\n|gametype|doubles\n|player|p1|Cevan77|backersf|1057\n|player|p2|KobeIsMe|101|1003\n|gen|9\n|tier|[Gen 9 Champions] VGC 2026 Reg M-A\n|rated|\n|rule|Species Clause: Limit one of each Pok\u00e9mon\n|rule|Item Clause: Limit 1 of each item\n|clearpoke\n|poke|p1|Aegislash, L50, M|\n|poke|p1|Charizard, L50, F|\n|poke|p1|Kommo-o, L50, F|\n|poke|p1|Whimsicott, L50, F|\n|poke|p1|Palafin, L50, M|\n|poke|p1|Venusaur, L50, F|\n|poke|p2|Hawlucha, L50, F, shiny|\n|poke|p2|Excadrill, L50, F, shiny|\n|poke|p2|Sinistcha, L50|\n|poke|p2|Whimsicott, L50, F, shiny|\n|poke|p2|Gengar, L50, F, shiny|\n|poke|p2|Garganacl, L50, M|\n|teampreview|4\n|\n|t:|1776494281\n|teamsize|p1|4\n|teamsize|p2|4\n|start\n|switch|p1a: Aegislash|Aegislash, L50, M|100/100\n|switch|p1b: Charizard|Charizard, L50, F|100/100\n|switch|p2a: Hawlucha|Hawlucha, L50, F, shiny|100/100\n|switch|p2b: Excadrill|Excadrill, L50, F, shiny|100/100\n|-ability|p2b: Excadrill|Mold Breaker\n|turn|1\n|inactive|Battle timer is ON: inactive players will automatically lose when time's up. (requested by KobeIsMe)\n|\n|t:|1776494299\n|detailschange|p2a: Hawlucha|Hawlucha-Mega, L50, F, shiny\n|-mega|p2a: Hawlucha|Hawlucha|Hawluchanite\n|detailschange|p1b: Charizard|Charizard-Mega-Y, L50, F\n|-mega|p1b: Charizard|Charizard|Charizardite Y\n|-weather|SunnyDay|[from] ability: Drought|[of] p1b: Charizard\n|move|p1a: Aegislash|King's Shield|p1a: Aegislash\n|-singleturn|p1a: Aegislash|Protect\n|move|p2a: Hawlucha|Entrainment|p2b: Excadrill\n|-ability|p2b: Excadrill|No Guard|Mold Breaker|[from] move: Entrainment|[of] p2a: Hawlucha\n|move|p1b: Charizard|Heat Wave|p2b: Excadrill|[spread] p2a,p2b\n|-supereffective|p2b: Excadrill|1\n|-damage|p2a: Hawlucha|29/100\n|-enditem|p2b: Excadrill|Focus Sash\n|-damage|p2b: Excadrill|1/100\n|move|p2b: Excadrill|Fissure|p1a: Aegislash\n|-activate|p1a: Aegislash|move: Protect\n|\n|-weather|SunnyDay|[upkeep]\n|upkeep\n|turn|2\n|n|!KobeIsMe|kobeisme\n|inactive|KobeIsMe has 30 seconds left.\n|-message|KobeIsMe forfeited.\n|\n|win|Cevan77\n",
  "uploadtime": 1776494316,
  "views": 11,
  "formatid": "gen9championsvgc2026regma",
  "rating": null,
  "private": 0,
  "password": null
}