{
  "id": "gen9championsvgc2026regma-2583093770",
  "format": "[Gen 9 Champions] VGC 2026 Reg M-A",
  "players": [
    "Barber1",
    "The hoe battle"
  ],
  "log": "|j|\u2606Barber1\n|j|\u2606The hoe battle\n|t:|1776141247\n|gametype|doubles\n|player|p1|Barber1|cynthia-gen4|1159\n|player|p2|The hoe battle|elesa|1111\n|gen|9\n|tier|[Gen 9 Champions] VGC 2026 Reg M-A\n|rated|\n|rule|Species Clause: Limit one of each Pok\u00e9mon\n|rule|Item Clause: Limit 1 of each item\n|clearpoke\n|poke|p1|Floette-Eternal, L50, F|\n|poke|p1|Sneasler, L50, F|\n|poke|p1|Aerodactyl, L50, F|\n|poke|p1|Delphox, L50, F|\n|poke|p1|Kingambit, L50, M|\n|poke|p1|Garchomp, L50, M|\n|poke|p2|Garchomp, L50, F|\n|poke|p2|Sneasler, L50, F|\n|poke|p2|Incineroar, L50, M|\n|poke|p2|Charizard, L50, F|\n|poke|p2|Venusaur, L50, F|\n|poke|p2|Whimsicott, L50, M|\n|teampreview|4\n|inactive|Battle timer is ON: inactive players will automatically lose when time's up. (requested by Barber1)\n|inactive|Barber1 has 60 seconds left.\n|inactive|The hoe battle has 60 seconds left.\n|\n|t:|1776141295\n|teamsize|p1|4\n|teamsize|p2|4\n|start\n|switch|p1a: Sneasler|Sneasler, L50, F|100/100\n|switch|p1b: Aerodactyl|Aerodactyl, L50, F|100/100\n|switch|p2a: Sneasler|Sneasler, L50, F|100/100\n|switch|p2b: Charizard|Charizard, L50, F|100/100\n|turn|1\n|inactive|Barber1 has 30 seconds left.\n|\n|t:|1776141324\n|move|p2b: Charizard|Protect|p2b: Charizard\n|-singleturn|p2b: Charizard|Protect\n|move|p1a: Sneasler|Fake Out|p2a: Sneasler\n|-damage|p2a: Sneasler|75/100\n|move|p1b: Aerodactyl|Dual Wingbeat|p2a: Sneasler\n|-supereffective|p2a: Sneasler|1\n|-damage|p2a: Sneasler|13/100\n|-supereffective|p2a: Sneasler|1\n|-damage|p2a: Sneasler|0 fnt\n|faint|p2a: Sneasler\n|-hitcount|p2: Sneasler|2\n|\n|upkeep\n|\n|t:|1776141329\n|switch|p2a: Whimsicott|Whimsicott, L50, M|100/100\n|turn|2\n|inactive|Barber1 has 30 seconds left.\n|\n|t:|1776141354\n|switch|p1a: Garchomp|Garchomp, L50, M|100/100\n|detailschange|p2b: Charizard|Charizard-Mega-Y, L50, F\n|-mega|p2b: Charizard|Charizard|Charizardite Y\n|-weather|SunnyDay|[from] ability: Drought|[of] p2b: Charizard\n|move|p2a: Whimsicott|Tailwind|p2a: Whimsicott\n|-sidestart|p2: The hoe battle|move: Tailwind\n|move|p2b: Charizard|Heat Wave|p1b: Aerodactyl|[spread] p1a,p1b\n|-resisted|p1a: Garchomp|1\n|-resisted|p1b: Aerodactyl|1\n|-damage|p1a: Garchomp|71/100\n|-damage|p1b: Aerodactyl|53/100\n|move|p1b: Aerodactyl|Rock Slide|p2b: Charizard|[spread] p2a,p2b\n|-supereffective|p2b: Charizard|2\n|-damage|p2a: Whimsicott|77/100\n|-damage|p2b: Charizard|0 fnt\n|faint|p2b: Charizard\n|\n|-weather|SunnyDay|[upkeep]\n|upkeep\n|\n|t:|1776141365\n|switch|p2b: Garchomp|Garchomp, L50, F|100/100\n|turn|3\n|inactive|Barber1 has 30 seconds left.\n|\n|t:|1776141393\n|switch|p1a: Sneasler|Sneasler, L50, F|100/100\n|move|p2b: Garchomp|Dragon Claw|p1b: Aerodactyl\n|-damage|p1b: Aerodactyl|0 fnt\n|faint|p1b: Aerodactyl\n|move|p2a: Whimsicott|Moonblast|p1a: Sneasler\n|-damage|p1a: Sneasler|66/100\n|-unboost|p1a: Sneasler|spa|1\n|-enditem|p1a: Sneasler|White Herb\n|-clearnegativeboost|p1a: Sneasler|[silent]\n|\n|-weather|SunnyDay|[upkeep]\n|upkeep\n|\n|t:|1776141408\n|switch|p1b: Floette|Floette-Eternal, L50, F|100/100\n|turn|4\n|\n|t:|1776141420\n|detailschange|p1b: Floette|Floette-Mega, L50, F\n|-mega|p1b: Floette|Floette|Floettite\n|-ability|p1b: Floette|Fairy Aura\n|move|p2b: Garchomp|Dragon Claw|p1a: Sneasler\n|-damage|p1a: Sneasler|0 fnt\n|faint|p1a: Sneasler\n|move|p2a: Whimsicott|Moonblast|p1b: Floette\n|-damage|p1b: Floette|76/100\n|move|p1b: Floette|Moonblast|p2b: Garchomp\n|-supereffective|p2b: Garchomp|1\n|-damage|p2b: Garchomp|0 fnt\n|faint|p2b: Garchomp\n|\n|-weather|SunnyDay|[upkeep]\n|upkeep\n|-message|The hoe battle forfeited.\n|\n|win|Barber1\n|raw|Barber1's rating: 1159 &rarr; <strong>1181</strong><br />(+22 for winning)\n|raw|The hoe battle's rating: 1111 &rarr; <strong>1089</strong><br />(-22 for losing)\n|l|\u2606The hoe battle\n|player|p2|\n",
  "uploadtime": 1776141437,
  "views": 23,
  "formatid": "gen9championsvgc2026regma",
  "rating": 1089,
  "private": 0,
  "password": null
}