{
  "id": "gen9championsvgc2026regma-2589384906",
  "format": "[Gen 9 Champions] VGC 2026 Reg M-A",
  "players": [
    "benjitulio",
    "Rando35"
  ],
  "log": "|j|\u2606benjitulio\n|j|\u2606Rando35\n|t:|1776718711\n|gametype|doubles\n|player|p1|benjitulio|wattson|1066\n|player|p2|Rando35|265|1027\n|gen|9\n|tier|[Gen 9 Champions] VGC 2026 Reg M-A\n|rated|\n|rule|Species Clause: Limit one of each Pok\u00e9mon\n|rule|Item Clause: Limit 1 of each item\n|clearpoke\n|poke|p1|Dragonite, L50, F|\n|poke|p1|Incineroar, L50, F|\n|poke|p1|Gyarados, L50, F|\n|poke|p1|Maushold-Four, L50|\n|poke|p1|Milotic, L50, M|\n|poke|p1|Whimsicott, L50, M|\n|poke|p2|Aegislash, L50, F, shiny|\n|poke|p2|Conkeldurr, L50, F|\n|poke|p2|Serperior, L50, F, shiny|\n|poke|p2|Feraligatr, L50, F, shiny|\n|poke|p2|Salazzle, L50, F|\n|poke|p2|Gardevoir, L50, F, shiny|\n|teampreview|4\n|inactive|Battle timer is ON: inactive players will automatically lose when time's up. (requested by benjitulio)\nRando35 has agreed to open team sheets.\n|\n|t:|1776718791\n|teamsize|p1|4\n|teamsize|p2|4\n|start\n|switch|p1a: Whimsicott|Whimsicott, L50, M|100/100\n|switch|p1b: Dragonite|Dragonite, L50, F|100/100\n|switch|p2a: Salazzle|Salazzle, L50, F|100/100\n|switch|p2b: Aegislash|Aegislash, L50, F, shiny|100/100\n|turn|1\n|inactive|benjitulio has 30 seconds left.\n|inactive|benjitulio has 20 seconds left.\n|inactive|benjitulio has 15 seconds left.\n|inactive|benjitulio has 10 seconds left.\n|\n|t:|1776718839\n|detailschange|p1b: Dragonite|Dragonite-Mega, L50, F\n|-mega|p1b: Dragonite|Dragonite|Dragoninite\n|move|p2b: Aegislash|King's Shield|p2b: Aegislash\n|-singleturn|p2b: Aegislash|Protect\n|move|p1a: Whimsicott|Light Screen|p1a: Whimsicott\n|-sidestart|p1: benjitulio|move: Light Screen\n|move|p2a: Salazzle|Sludge Wave|p1b: Dragonite|[spread] p1a,p1b\n|-activate|p2b: Aegislash|move: Protect\n|-supereffective|p1a: Whimsicott|2\n|-damage|p1a: Whimsicott|0 fnt\n|-damage|p1b: Dragonite|90/100\n|faint|p1a: Whimsicott\n|move|p1b: Dragonite|Dragon Pulse|p2a: Salazzle\n|-damage|p2a: Salazzle|0 fnt\n|faint|p2a: Salazzle\n|\n|upkeep\n|\n|t:|1776718857\n|switch|p2a: Feraligatr|Feraligatr, L50, F, shiny|100/100\n|switch|p1a: Maushold|Maushold-Four, L50|100/100\n|turn|2\n|inactive|Rando35 has 30 seconds left.\n|\n|t:|1776718884\n|detailschange|p2a: Feraligatr|Feraligatr-Mega, L50, F, shiny\n|-mega|p2a: Feraligatr|Feraligatr|Feraligite\n|move|p2a: Feraligatr|Protect|p2a: Feraligatr\n|-singleturn|p2a: Feraligatr|Protect\n|move|p1a: Maushold|Population Bomb|p2a: Feraligatr\n|-activate|p2a: Feraligatr|move: Protect\n|move|p1b: Dragonite|Flamethrower|p2b: Aegislash\n|-supereffective|p2b: Aegislash|1\n|-damage|p2b: Aegislash|30/100\n|-formechange|p2b: Aegislash|Aegislash-Blade|\n|move|p2b: Aegislash|Sacred Sword|p1a: Maushold\n|-supereffective|p1a: Maushold|1\n|-enditem|p1a: Maushold|Focus Sash\n|-damage|p1a: Maushold|1/100\n|\n|upkeep\n|turn|3\n|inactive|Rando35 has 30 seconds left.\n|\n|t:|1776718910\n|move|p1a: Maushold|Helping Hand|p1b: Dragonite\n|-singleturn|p1b: Dragonite|Helping Hand|[of] p1a: Maushold\n|-formechange|p2b: Aegislash|Aegislash|\n|move|p2b: Aegislash|King's Shield|p2b: Aegislash\n|-singleturn|p2b: Aegislash|Protect\n|move|p2a: Feraligatr|Aqua Jet|p1a: Maushold\n|-damage|p1a: Maushold|0 fnt\n|faint|p1a: Maushold\n|move|p1b: Dragonite|Dragon Pulse|p2a: Feraligatr\n|-supereffective|p2a: Feraligatr|1\n|-damage|p2a: Feraligatr|0 fnt\n|faint|p2a: Feraligatr\n|\n|upkeep\n|\n|t:|1776718922\n|switch|p1a: Milotic|Milotic, L50, M|100/100\n|switch|p2a: Serperior|Serperior, L50, F, shiny|100/100\n|turn|4\n|inactive|Rando35 has 30 seconds left.\n|\n|t:|1776718950\n|move|p2a: Serperior|Leaf Storm|p1a: Milotic\n|-supereffective|p1a: Milotic|1\n|-damage|p1a: Milotic|53/100\n|-boost|p2a: Serperior|spa|2\n|move|p1b: Dragonite|Flamethrower|p2b: Aegislash\n|-supereffective|p2b: Aegislash|1\n|-damage|p2b: Aegislash|0 fnt\n|faint|p2b: Aegislash\n|move|p1a: Milotic|Ice Beam|p2a: Serperior\n|-supereffective|p2a: Serperior|1\n|-crit|p2a: Serperior\n|-damage|p2a: Serperior|0 fnt\n|faint|p2a: Serperior\n|\n|win|benjitulio\n|raw|benjitulio's rating: 1066 &rarr; <strong>1093</strong><br />(+27 for winning)\n|raw|Rando35's rating: 1027 &rarr; <strong>1015</strong><br />(-12 for losing)\n",
  "uploadtime": 1776718950,
  "views": 7,
  "formatid": "gen9championsvgc2026regma",
  "rating": 1015,
  "private": 0,
  "password": null
}