{
  "id": "gen9championsvgc2026regma-2584465438",
  "format": "[Gen 9 Champions] VGC 2026 Reg M-A",
  "players": [
    "Thiagovik",
    "sdjghk"
  ],
  "log": "|j|\u2606Thiagovik\n|j|\u2606sdjghk\n|t:|1776262716\n|gametype|doubles\n|player|p1|Thiagovik|blackbelt-gen4|1000\n|player|p2|sdjghk|1|1000\n|gen|9\n|tier|[Gen 9 Champions] VGC 2026 Reg M-A\n|rated|\n|rule|Species Clause: Limit one of each Pok\u00e9mon\n|rule|Item Clause: Limit 1 of each item\n|clearpoke\n|poke|p1|Sylveon, L50, M|\n|poke|p1|Tyranitar, L50, M|\n|poke|p1|Archaludon, L50, F|\n|poke|p1|Mr. Rime, L50, M|\n|poke|p1|Golurk, L50|\n|poke|p1|Goodra-Hisui, L50, F|\n|poke|p2|Floette-Eternal, L50, F|\n|poke|p2|Garchomp, L50, M|\n|poke|p2|Rotom-Wash, L50|\n|poke|p2|Incineroar, L50, M|\n|poke|p2|Sinistcha-Masterpiece, L50|\n|poke|p2|Kingambit, L50, F|\n|teampreview|4\n|\n|t:|1776262740\n|teamsize|p1|4\n|teamsize|p2|4\n|start\n|switch|p1a: Debi e Loide|Mr. Rime, L50, M|100/100\n|switch|p1b: Parrudo|Archaludon, L50, F|100/100\n|switch|p2a: Floette|Floette-Eternal, L50, F|100/100\n|switch|p2b: Incineroar|Incineroar, L50, M|100/100\n|-ability|p2b: Incineroar|Intimidate|boost\n|-unboost|p1a: Debi e Loide|atk|1\n|-unboost|p1b: Parrudo|atk|1\n|turn|1\n|\n|t:|1776262760\n|switch|p1b: Titan|Golurk, L50|100/100\n|detailschange|p2a: Floette|Floette-Mega, L50, F\n|-mega|p2a: Floette|Floette|Floettite\n|-ability|p2a: Floette|Fairy Aura\n|move|p2b: Incineroar|Fake Out|p1b: Titan\n|-immune|p1b: Titan\n|move|p2a: Floette|Calm Mind|p2a: Floette\n|-boost|p2a: Floette|spa|1\n|-boost|p2a: Floette|spd|1\n|move|p1a: Debi e Loide|Skill Swap|p1b: Titan\n|-activate|p1a: Debi e Loide|Skill Swap|||[of] p1b: Titan\n|\n|upkeep\n|turn|2\n|\n|t:|1776262788\n|move|p2a: Floette|Protect|p2a: Floette\n|-singleturn|p2a: Floette|Protect\n|move|p1a: Debi e Loide|Sheer Cold|p2a: Floette\n|-activate|p2a: Floette|move: Protect\n|move|p1b: Titan|Dynamic Punch|p2b: Incineroar|[miss]\n|-miss|p1b: Titan|p2b: Incineroar\n|move|p2b: Incineroar|Parting Shot|p1b: Titan\n|-unboost|p1b: Titan|atk|1\n|-unboost|p1b: Titan|spa|1\n|\n|t:|1776262799\n|switch|p2b: Rotom|Rotom-Wash, L50|100/100|[from] Parting Shot\n|\n|upkeep\n|turn|3\n|\n|t:|1776262812\n|switch|p1b: Danoninho|Sylveon, L50, M|100/100\n|move|p2a: Floette|Dazzling Gleam|p1b: Danoninho|[spread] p1a,p1b\n|-damage|p1a: Debi e Loide|27/100\n|-damage|p1b: Danoninho|53/100\n|move|p1a: Debi e Loide|Sheer Cold|p2a: Floette\n|-damage|p2a: Floette|0 fnt\n|faint|p2a: Floette\n|-ohko\n|move|p2b: Rotom|Thunderbolt|p1a: Debi e Loide\n|-damage|p1a: Debi e Loide|0 fnt\n|faint|p1a: Debi e Loide\n|\n|upkeep\n|\n|t:|1776262833\n|switch|p2a: Garchomp|Garchomp, L50, M|100/100\n|switch|p1a: Parrudo|Archaludon, L50, F|100/100\n|turn|4\n|\n|t:|1776262842\n|move|p2a: Garchomp|Earthquake|p1b: Danoninho|[spread] p1a,p1b\n|-immune|p2b: Rotom|[from] ability: Levitate\n|-supereffective|p1a: Parrudo|1\n|-damage|p1a: Parrudo|45/100\n|-damage|p1b: Danoninho|9/100\n|-ability|p1a: Parrudo|Stamina|boost\n|-boost|p1a: Parrudo|def|1\n|-enditem|p1b: Danoninho|Sitrus Berry|[eat]\n|-heal|p1b: Danoninho|33/100|[from] item: Sitrus Berry\n|move|p2b: Rotom|Thunderbolt|p1b: Danoninho\n|-damage|p1b: Danoninho|5/100\n|move|p1a: Parrudo|Draco Meteor|p2a: Garchomp\n|-supereffective|p2a: Garchomp|1\n|-damage|p2a: Garchomp|0 fnt\n|-unboost|p1a: Parrudo|spa|2\n|faint|p2a: Garchomp\n|move|p1b: Danoninho|Hyper Voice|p2b: Rotom\n|-damage|p2b: Rotom|46/100\n|\n|-heal|p2b: Rotom|52/100|[from] item: Leftovers\n|-heal|p1a: Parrudo|51/100|[from] item: Leftovers\n|upkeep\n|-message|sdjghk forfeited.\n|\n|win|Thiagovik\n|raw|Thiagovik's rating: 1000 &rarr; <strong>1040</strong><br />(+40 for winning)\n|raw|sdjghk's rating: 1000 &rarr; <strong>1000</strong><br />(+0 for losing)\n|l|\u2606sdjghk\n|player|p2|\n",
  "uploadtime": 1776262868,
  "views": 21,
  "formatid": "gen9championsvgc2026regma",
  "rating": 1000,
  "private": 0,
  "password": null
}