{
  "id": "gen9championsvgc2026regma-2585035036",
  "format": "[Gen 9 Champions] VGC 2026 Reg M-A",
  "players": [
    "Skadoty",
    "W0kMeDed"
  ],
  "log": "|j|\u2606Skadoty\n|j|\u2606W0kMeDed\n|t:|1776305361\n|gametype|doubles\n|player|p1|Skadoty|101|1318\n|player|p2|W0kMeDed|palmer|1359\n|gen|9\n|tier|[Gen 9 Champions] VGC 2026 Reg M-A\n|rated|\n|rule|Species Clause: Limit one of each Pok\u00e9mon\n|rule|Item Clause: Limit 1 of each item\n|clearpoke\n|poke|p1|Hydreigon, L50, F|\n|poke|p1|Farigiraf, L50, M|\n|poke|p1|Torkoal, L50, M|\n|poke|p1|Crabominable, L50, F|\n|poke|p1|Kingambit, L50, M|\n|poke|p1|Armarouge, L50, F|\n|poke|p2|Gardevoir, L50, M|\n|poke|p2|Hydreigon, L50, M|\n|poke|p2|Basculegion, L50, M|\n|poke|p2|Arcanine-Hisui, L50, M|\n|poke|p2|Sinistcha, L50|\n|poke|p2|Tauros-Paldea-Aqua, L50, M|\n|teampreview|4\n|inactive|Battle timer is ON: inactive players will automatically lose when time's up. (requested by Skadoty)\n|\n|t:|1776305391\n|teamsize|p1|4\n|teamsize|p2|4\n|start\n|switch|p1a: Farigiraf|Farigiraf, L50, M|100/100\n|switch|p1b: Crabominable|Crabominable, L50, F|100/100\n|switch|p2a: Chevalier|Gardevoir, L50, M|100/100\n|switch|p2b: The Glue|Basculegion, L50, M|100/100\n|turn|1\n|inactive|W0kMeDed has 30 seconds left.\n|\n|t:|1776305423\n|detailschange|p2a: Chevalier|Gardevoir-Mega, L50, M\n|-mega|p2a: Chevalier|Gardevoir|Gardevoirite\n|detailschange|p1b: Crabominable|Crabominable-Mega, L50, F\n|-mega|p1b: Crabominable|Crabominable|Crabominite\n|move|p2b: The Glue|Flip Turn|p1a: Farigiraf\n|-damage|p1a: Farigiraf|68/100\n|\n|t:|1776305436\n|switch|p2b: dog|Arcanine-Hisui, L50, M|100/100|[from] Flip Turn\n|-ability|p2b: dog|Intimidate|boost\n|-unboost|p1a: Farigiraf|atk|1\n|-unboost|p1b: Crabominable|atk|1\n|move|p2a: Chevalier|Hyper Voice|p1b: Crabominable|[spread] p1a,p1b\n|-supereffective|p1b: Crabominable|1\n|-crit|p1b: Crabominable\n|-damage|p1a: Farigiraf|28/100\n|-damage|p1b: Crabominable|0 fnt\n|faint|p1b: Crabominable\n|move|p1a: Farigiraf|Trick Room|p1a: Farigiraf\n|-fieldstart|move: Trick Room|[of] p1a: Farigiraf\n|\n|upkeep\n|\n|t:|1776305449\n|switch|p1b: Kingambit|Kingambit, L50, M|100/100\n|turn|2\n|\n|t:|1776305463\n|switch|p1a: Torkoal|Torkoal, L50, M|100/100\n|-weather|SunnyDay|[from] ability: Drought|[of] p1a: Torkoal\n|move|p2a: Chevalier|Protect|p2a: Chevalier\n|-singleturn|p2a: Chevalier|Protect\n|move|p1b: Kingambit|Iron Head|p2a: Chevalier\n|-activate|p2a: Chevalier|move: Protect\n|move|p2b: dog|Flare Blitz|p1b: Kingambit\n|-supereffective|p1b: Kingambit|1\n|-damage|p1b: Kingambit|0 fnt\n|faint|p1b: Kingambit\n|-damage|p2b: dog|69/100|[from] Recoil\n|\n|-weather|SunnyDay|[upkeep]\n|upkeep\n|\n|t:|1776305477\n|switch|p1b: Farigiraf|Farigiraf, L50, M|28/100\n|turn|3\n|\n|t:|1776305487\n|move|p1b: Farigiraf|Helping Hand|p1a: Torkoal\n|-singleturn|p1a: Torkoal|Helping Hand|[of] p1b: Farigiraf\n|move|p1a: Torkoal|Eruption|p2a: Chevalier|[spread] p2a,p2b\n|-resisted|p2b: dog|2\n|-damage|p2a: Chevalier|0 fnt\n|-damage|p2b: dog|35/100\n|faint|p2a: Chevalier\n|move|p2b: dog|Rock Slide|p1a: Torkoal|[spread] p1a,p1b\n|-supereffective|p1a: Torkoal|1\n|-crit|p1a: Torkoal\n|-damage|p1a: Torkoal|33/100\n|-damage|p1b: Farigiraf|7/100\n|\n|-weather|SunnyDay|[upkeep]\n|upkeep\n|\n|t:|1776305499\n|switch|p2a: bool|Tauros-Paldea-Aqua, L50, M|100/100\n|-ability|p2a: bool|Intimidate|boost\n|-unboost|p1a: Torkoal|atk|1\n|-unboost|p1b: Farigiraf|atk|1\n|turn|4\n|\n|t:|1776305511\n|move|p1a: Torkoal|Solar Beam||[still]\n|-prepare|p1a: Torkoal|Solar Beam\n|-anim|p1a: Torkoal|Solar Beam|p2a: bool\n|-supereffective|p2a: bool|1\n|-damage|p2a: bool|19/100\n|move|p1b: Farigiraf|Dazzling Gleam|p2b: dog|[spread] p2a,p2b\n|-supereffective|p2a: bool|1\n|-resisted|p2b: dog|1\n|-damage|p2a: bool|0 fnt\n|-damage|p2b: dog|28/100\n|faint|p2a: bool\n|move|p2b: dog|Rock Slide|p1a: Torkoal|[spread] p1a,p1b\n|-supereffective|p1a: Torkoal|1\n|-damage|p1a: Torkoal|0 fnt\n|-damage|p1b: Farigiraf|0 fnt\n|faint|p1a: Torkoal\n|faint|p1b: Farigiraf\n|\n|win|W0kMeDed\n|raw|Skadoty's rating: 1318 &rarr; <strong>1300</strong><br />(-18 for losing)\n|raw|W0kMeDed's rating: 1359 &rarr; <strong>1377</strong><br />(+18 for winning)\n|l|\u2606Skadoty\n|player|p1|\n",
  "uploadtime": 1776305527,
  "views": 32,
  "formatid": "gen9championsvgc2026regma",
  "rating": 1300,
  "private": 0,
  "password": null
}