{
  "id": "gen9championsvgc2026regma-2584195935",
  "format": "[Gen 9 Champions] VGC 2026 Reg M-A",
  "players": [
    "rohitking",
    "Beembuh"
  ],
  "log": "|j|\u2606rohitking\n|j|\u2606Beembuh\n|t:|1776236899\n|gametype|doubles\n|player|p1|rohitking|hilbert-wonderlauncher|1123\n|player|p2|Beembuh|lady-gen4|1188\n|gen|9\n|tier|[Gen 9 Champions] VGC 2026 Reg M-A\n|rated|\n|rule|Species Clause: Limit one of each Pok\u00e9mon\n|rule|Item Clause: Limit 1 of each item\n|clearpoke\n|poke|p1|Incineroar, L50, F|\n|poke|p1|Whimsicott, L50, F|\n|poke|p1|Dragonite, L50, M|\n|poke|p1|Floette-Eternal, L50, F|\n|poke|p1|Sinistcha, L50|\n|poke|p1|Charizard, L50, M|\n|poke|p2|Gengar, L50, M|\n|poke|p2|Tinkaton, L50, F|\n|poke|p2|Garchomp, L50, M|\n|poke|p2|Talonflame, L50, F|\n|poke|p2|Rotom-Wash, L50|\n|poke|p2|Gardevoir, L50, F|\n|teampreview|4\n|inactive|Battle timer is ON: inactive players will automatically lose when time's up. (requested by Beembuh)\n|inactive|rohitking also wants the timer to be on.\n|inactive|rohitking has 60 seconds left.\n|\n|t:|1776236934\n|teamsize|p1|4\n|teamsize|p2|4\n|start\n|switch|p1a: Floette|Floette-Eternal, L50, F|100/100\n|switch|p1b: Incineroar|Incineroar, L50, F|100/100\n|switch|p2a: Talonflame|Talonflame, L50, F|100/100\n|switch|p2b: Garchomp|Garchomp, L50, M|100/100\n|-ability|p1b: Incineroar|Intimidate|boost\n|-unboost|p2a: Talonflame|atk|1\n|-unboost|p2b: Garchomp|atk|1\n|-enditem|p2b: Garchomp|White Herb\n|-clearnegativeboost|p2b: Garchomp|[silent]\n|turn|1\n|\n|t:|1776236947\n|detailschange|p1a: Floette|Floette-Mega, L50, F\n|-mega|p1a: Floette|Floette|Floettite\n|-ability|p1a: Floette|Fairy Aura\n|move|p2a: Talonflame|Quick Guard|p2a: Talonflame\n|-singleturn|p2a: Talonflame|Quick Guard\n|move|p1b: Incineroar|Fake Out|p2a: Talonflame\n|-activate|p2a: Talonflame|move: Quick Guard\n|move|p2b: Garchomp|Earthquake|p1b: Incineroar|[spread] p1a,p1b\n|-immune|p2a: Talonflame\n|-supereffective|p1b: Incineroar|1\n|-damage|p1a: Floette|64/100\n|-damage|p1b: Incineroar|35/100\n|move|p1a: Floette|Dazzling Gleam|p2b: Garchomp|[spread] p2a,p2b\n|-resisted|p2a: Talonflame|1\n|-supereffective|p2b: Garchomp|1\n|-damage|p2a: Talonflame|61/100\n|-damage|p2b: Garchomp|0 fnt\n|faint|p2b: Garchomp\n|\n|upkeep\n|\n|t:|1776236964\n|switch|p2b: Gengar|Gengar, L50, M|100/100\n|turn|2\n|\n|t:|1776236980\n|switch|p2a: Tinkaton|Tinkaton, L50, F|100/100\n|-ability|p2a: Tinkaton|Mold Breaker\n|detailschange|p2b: Gengar|Gengar-Mega, L50, M\n|-mega|p2b: Gengar|Gengar|Gengarite\n|move|p1b: Incineroar|Fake Out||[still]\n|-hint|Fake Out only works on your first turn out.\n|-fail|p1b: Incineroar\n|move|p2b: Gengar|Sludge Wave|p1b: Incineroar|[spread] p1a,p1b\n|-immune|p2a: Tinkaton\n|-supereffective|p1a: Floette|1\n|-damage|p1a: Floette|0 fnt\n|-damage|p1b: Incineroar|0 fnt\n|faint|p1a: Floette\n|faint|p1b: Incineroar\n|\n|upkeep\n|\n|t:|1776236992\n|switch|p1a: Dragonite|Dragonite, L50, M|100/100\n|switch|p1b: Sinistcha|Sinistcha, L50|100/100\n|turn|3\n|\n|t:|1776237010\n|move|p1b: Sinistcha|Protect|p1b: Sinistcha\n|-singleturn|p1b: Sinistcha|Protect\n|move|p2a: Tinkaton|Fake Out|p1a: Dragonite\n|-damage|p1a: Dragonite|89/100\n|move|p2b: Gengar|Sludge Wave|p1a: Dragonite|[spread] p1a\n|-activate|p1b: Sinistcha|move: Protect\n|-immune|p2a: Tinkaton\n|-damage|p1a: Dragonite|40/100\n|cant|p1a: Dragonite|flinch\n|\n|upkeep\n|turn|4\n|inactive|rohitking has 30 seconds left.\n|\n|t:|1776237037\n|move|p1a: Dragonite|Extreme Speed|p2a: Tinkaton\n|-resisted|p2a: Tinkaton|1\n|-damage|p2a: Tinkaton|80/100\n|move|p1b: Sinistcha|Rage Powder|p1b: Sinistcha\n|-singleturn|p1b: Sinistcha|move: Rage Powder\n|move|p2b: Gengar|Sludge Wave|p1a: Dragonite|[spread] p1a,p1b\n|-immune|p2a: Tinkaton\n|-damage|p1a: Dragonite|0 fnt\n|-damage|p1b: Sinistcha|33/100\n|faint|p1a: Dragonite\n|move|p2a: Tinkaton|Gigaton Hammer|p1b: Sinistcha\n|-damage|p1b: Sinistcha|0 fnt\n|faint|p1b: Sinistcha\n|\n|win|Beembuh\n|raw|rohitking's rating: 1123 &rarr; <strong>1103</strong><br />(-20 for losing)\n|raw|Beembuh's rating: 1188 &rarr; <strong>1208</strong><br />(+20 for winning)\n|l|\u2606rohitking\n|player|p1|\n",
  "uploadtime": 1776237057,
  "views": 41,
  "formatid": "gen9championsvgc2026regma",
  "rating": 1103,
  "private": 0,
  "password": null
}