{
  "id": "gen9championsvgc2026regma-2580475086",
  "format": "[Gen 9 Champions] VGC 2026 Reg M-A",
  "players": [
    "MimeYourBusiness",
    "geellgee"
  ],
  "log": "|j|\u2606MimeYourBusiness\n|j|\u2606geellgee\n|t:|1775902032\n|gametype|doubles\n|player|p1|MimeYourBusiness|irida-masters|1000\n|player|p2|geellgee|265|1000\n|gen|9\n|tier|[Gen 9 Champions] VGC 2026 Reg M-A\n|rated|\n|rule|Species Clause: Limit one of each Pok\u00e9mon\n|rule|Item Clause: Limit 1 of each item\n|clearpoke\n|poke|p1|Venusaur, L50, M|\n|poke|p1|Tyranitar, L50, F|\n|poke|p1|Excadrill, L50, F|\n|poke|p1|Rotom-Wash, L50|\n|poke|p1|Sneasler, L50, M|\n|poke|p1|Corviknight, L50, F|\n|poke|p2|Torkoal, L50, F|\n|poke|p2|Slowbro, L50, M|\n|poke|p2|Garganacl, L50, M|\n|poke|p2|Venusaur, L50, F|\n|poke|p2|Oranguru, L50, M|\n|poke|p2|Incineroar, L50, M|\n|teampreview|4\n|\n|t:|1775902068\n|teamsize|p1|4\n|teamsize|p2|4\n|start\n|switch|p1a: Sneasler|Sneasler, L50, M|100/100\n|switch|p1b: Venusaur|Venusaur, L50, M|100/100\n|switch|p2a: Incineroar|Incineroar, L50, M|100/100\n|switch|p2b: Garganacl|Garganacl, L50, M|100/100\n|-ability|p2a: Incineroar|Intimidate|boost\n|-unboost|p1a: Sneasler|atk|1\n|-unboost|p1b: Venusaur|atk|1\n|-enditem|p1a: Sneasler|White Herb\n|-clearnegativeboost|p1a: Sneasler|[silent]\n|turn|1\n|inactive|Battle timer is ON: inactive players will automatically lose when time's up. (requested by MimeYourBusiness)\n|\n|t:|1775902088\n|move|p1a: Sneasler|Protect|p1a: Sneasler\n|-singleturn|p1a: Sneasler|Protect\n|move|p1b: Venusaur|Protect|p1b: Venusaur\n|-singleturn|p1b: Venusaur|Protect\n|move|p2a: Incineroar|Fake Out|p1a: Sneasler\n|-activate|p1a: Sneasler|move: Protect\n|move|p2b: Garganacl|Iron Defense|p2b: Garganacl\n|-boost|p2b: Garganacl|def|2\n|\n|upkeep\n|turn|2\n|inactive|geellgee has 30 seconds left.\n|inactive|geellgee has 20 seconds left.\n|inactive|geellgee has 15 seconds left.\n|\n|t:|1775902129\n|detailschange|p1b: Venusaur|Venusaur-Mega, L50, M\n|-mega|p1b: Venusaur|Venusaur|Venusaurite\n|move|p1a: Sneasler|Close Combat|p2a: Incineroar\n|-supereffective|p2a: Incineroar|1\n|-damage|p2a: Incineroar|0 fnt\n|-unboost|p1a: Sneasler|def|1\n|-unboost|p1a: Sneasler|spd|1\n|faint|p2a: Incineroar\n|move|p1b: Venusaur|Giga Drain|p2b: Garganacl\n|-supereffective|p2b: Garganacl|1\n|-crit|p2b: Garganacl\n|-damage|p2b: Garganacl|0 fnt\n|faint|p2b: Garganacl\n|\n|upkeep\n|-message|geellgee forfeited.\n|\n|win|MimeYourBusiness\n|raw|MimeYourBusiness's rating: 1000 &rarr; <strong>1040</strong><br />(+40 for winning)\n|raw|geellgee's rating: 1000 &rarr; <strong>1000</strong><br />(+0 for losing)\n|l|\u2606geellgee\n|player|p2|\n",
  "uploadtime": 1775902148,
  "views": 14,
  "formatid": "gen9championsvgc2026regma",
  "rating": 1000,
  "private": 0,
  "password": null
}