{
  "id": "gen9championsvgc2026regma-2580766531",
  "format": "[Gen 9 Champions] VGC 2026 Reg M-A",
  "players": [
    "OrugaVeluga",
    "Vittoxx"
  ],
  "log": "|j|\u2606OrugaVeluga\n|j|\u2606Vittoxx\n|t:|1775930769\n|gametype|doubles\n|player|p1|OrugaVeluga|265|1000\n|player|p2|Vittoxx|iris-gen5bw2|1015\n|gen|9\n|tier|[Gen 9 Champions] VGC 2026 Reg M-A\n|rated|\n|rule|Species Clause: Limit one of each Pok\u00e9mon\n|rule|Item Clause: Limit 1 of each item\n|clearpoke\n|poke|p1|Chandelure, L50, M|\n|poke|p1|Whimsicott, L50, M|\n|poke|p1|Froslass, L50, F|\n|poke|p1|Glaceon, L50, F|\n|poke|p1|Gyarados, L50, F|\n|poke|p1|Kingambit, L50, F|\n|poke|p2|Gardevoir, L50, F|\n|poke|p2|Incineroar, L50, M|\n|poke|p2|Orthworm, L50, F|\n|poke|p2|Garchomp, L50, F|\n|poke|p2|Meowstic, L50, M|\n|poke|p2|Basculegion, L50, M|\n|teampreview|4\n|inactive|Battle timer is ON: inactive players will automatically lose when time's up. (requested by OrugaVeluga)\n|\n|t:|1775930803\n|teamsize|p1|4\n|teamsize|p2|4\n|start\n|switch|p1a: Froslass|Froslass, L50, F|100/100\n|switch|p1b: Glaceon|Glaceon, L50, F|100/100\n|switch|p2a: Gardevoir|Gardevoir, L50, F, shiny|100/100\n|switch|p2b: Incineroar|Incineroar, L50, M|100/100\n|-ability|p2b: Incineroar|Intimidate|boost\n|-unboost|p1a: Froslass|atk|1\n|-unboost|p1b: Glaceon|atk|1\n|turn|1\n|\n|t:|1775930820\n|detailschange|p1a: Froslass|Froslass-Mega, L50, F\n|-mega|p1a: Froslass|Froslass|Froslassite\n|-weather|Snowscape|[from] ability: Snow Warning|[of] p1a: Froslass\n|move|p2b: Incineroar|Fake Out|p1a: Froslass\n|-immune|p1a: Froslass\n|move|p1a: Froslass|Aurora Veil|p1a: Froslass\n|-sidestart|p1: OrugaVeluga|move: Aurora Veil\n|move|p2a: Gardevoir|Calm Mind|p2a: Gardevoir\n|-boost|p2a: Gardevoir|spa|1\n|-boost|p2a: Gardevoir|spd|1\n|move|p1b: Glaceon|Blizzard|p2a: Gardevoir|[spread] p2a,p2b\n|-resisted|p2b: Incineroar|1\n|-damage|p2a: Gardevoir|67/100\n|-damage|p2b: Incineroar|83/100\n|\n|-weather|Snowscape|[upkeep]\n|upkeep\n|turn|2\n|\n|t:|1775930839\n|detailschange|p2a: Gardevoir|Gardevoir-Mega, L50, F, shiny\n|-mega|p2a: Gardevoir|Gardevoir|Gardevoirite\n|move|p1a: Froslass|Blizzard|p2a: Gardevoir|[spread] p2a,p2b\n|-resisted|p2b: Incineroar|1\n|-damage|p2a: Gardevoir|38/100\n|-damage|p2b: Incineroar|65/100\n|move|p2a: Gardevoir|Hyper Voice|p1b: Glaceon|[spread] p1a,p1b\n|-damage|p1a: Froslass|37/100\n|-damage|p1b: Glaceon|52/100\n|move|p1b: Glaceon|Blizzard|p2a: Gardevoir|[spread] p2a,p2b\n|-resisted|p2b: Incineroar|1\n|-damage|p2a: Gardevoir|11/100\n|-damage|p2b: Incineroar|47/100\n|-enditem|p2b: Incineroar|Sitrus Berry|[eat]\n|-heal|p2b: Incineroar|71/100|[from] item: Sitrus Berry\n|move|p2b: Incineroar|Darkest Lariat|p1a: Froslass\n|-supereffective|p1a: Froslass|1\n|-damage|p1a: Froslass|0 fnt\n|faint|p1a: Froslass\n|\n|-weather|Snowscape|[upkeep]\n|upkeep\n|\n|t:|1775930855\n|switch|p1a: Kingambit|Kingambit, L50, F|100/100\n|turn|3\n|\n|t:|1775930863\n|switch|p2b: Garchomp|Garchomp, L50, F, shiny|100/100\n|move|p1b: Glaceon|Protect|p1b: Glaceon\n|-singleturn|p1b: Glaceon|Protect\n|move|p2a: Gardevoir|Hyper Voice|p1b: Glaceon|[spread] p1a\n|-activate|p1b: Glaceon|move: Protect\n|-damage|p1a: Kingambit|54/100\n|move|p1a: Kingambit|Kowtow Cleave|p2b: Garchomp\n|-damage|p2b: Garchomp|58/100\n|-damage|p1a: Kingambit|42/100|[from] ability: Rough Skin|[of] p2b: Garchomp\n|\n|-weather|Snowscape|[upkeep]\n|-heal|p1a: Kingambit|48/100|[from] item: Leftovers\n|upkeep\n|turn|4\n|\n|t:|1775930886\n|switch|p2b: Basculegion|Basculegion, L50, M|100/100\n|move|p1a: Kingambit|Sucker Punch|p2a: Gardevoir\n|-damage|p2a: Gardevoir|0 fnt\n|faint|p2a: Gardevoir\n|move|p1b: Glaceon|Blizzard|p2b: Basculegion\n|-resisted|p2b: Basculegion|1\n|-damage|p2b: Basculegion|68/100\n|\n|-weather|Snowscape|[upkeep]\n|-heal|p1a: Kingambit|54/100|[from] item: Leftovers\n|upkeep\n|-message|Vittoxx forfeited.\n|\n|win|OrugaVeluga\n|raw|OrugaVeluga's rating: 1000 &rarr; <strong>1042</strong><br />(+42 for winning)\n|raw|Vittoxx's rating: 1015 &rarr; <strong>1002</strong><br />(-13 for losing)\n",
  "uploadtime": 1775930894,
  "views": 12,
  "formatid": "gen9championsvgc2026regma",
  "rating": 1002,
  "private": 0,
  "password": null
}