{
  "id": "gen9championsvgc2026regma-2583627593",
  "format": "[Gen 9 Champions] VGC 2026 Reg M-A",
  "players": [
    "4_cdan",
    "banri the banri"
  ],
  "log": "|j|\u26064_cdan\n|j|\u2606banri the banri\n|t:|1776187418\n|gametype|doubles\n|player|p1|4_cdan|170|1153\n|player|p2|banri the banri|265|1163\n|gen|9\n|tier|[Gen 9 Champions] VGC 2026 Reg M-A\n|rated|\n|rule|Species Clause: Limit one of each Pok\u00e9mon\n|rule|Item Clause: Limit 1 of each item\n|clearpoke\n|poke|p1|Venusaur, L50, M|\n|poke|p1|Aerodactyl, L50, M|\n|poke|p1|Volcarona, L50, M|\n|poke|p1|Garchomp, L50, F|\n|poke|p1|Incineroar, L50, F|\n|poke|p1|Typhlosion-Hisui, L50, F|\n|poke|p2|Aegislash, L50, F|\n|poke|p2|Arcanine-Hisui, L50, M|\n|poke|p2|Tauros-Paldea-Aqua, L50, M|\n|poke|p2|Sinistcha, L50|\n|poke|p2|Aerodactyl, L50, F|\n|poke|p2|Altaria, L50, F|\n|teampreview|4\n|inactive|Battle timer is ON: inactive players will automatically lose when time's up. (requested by 4_cdan)\n|\n|t:|1776187452\n|teamsize|p1|4\n|teamsize|p2|4\n|start\n|switch|p1a: Aerodactyl|Aerodactyl, L50, M|100/100\n|switch|p1b: Typhlosion|Typhlosion-Hisui, L50, F|100/100\n|switch|p2a: Aerodactyl|Aerodactyl, L50, F|100/100\n|switch|p2b: Arcanine|Arcanine-Hisui, L50, M|100/100\n|-ability|p2a: Aerodactyl|Unnerve\n|-item|p2a: Aerodactyl|Aerodactylite|[from] ability: Frisk|[of] p1b: Typhlosion\n|-item|p2b: Arcanine|Sitrus Berry|[from] ability: Frisk|[of] p1b: Typhlosion\n|-ability|p2b: Arcanine|Intimidate|boost\n|-unboost|p1a: Aerodactyl|atk|1\n|-unboost|p1b: Typhlosion|atk|1\n|turn|1\n|inactive|4_cdan has 30 seconds left.\n|\n|t:|1776187485\n|detailschange|p2a: Aerodactyl|Aerodactyl-Mega, L50, F\n|-mega|p2a: Aerodactyl|Aerodactyl|Aerodactylite\n|move|p1b: Typhlosion|Eruption|p2b: Arcanine|[spread] p2a,p2b\n|-resisted|p2a: Aerodactyl|1\n|-resisted|p2b: Arcanine|2\n|-damage|p2a: Aerodactyl|69/100\n|-damage|p2b: Arcanine|86/100\n|move|p2a: Aerodactyl|Tailwind|p2a: Aerodactyl\n|-sidestart|p2: banri the banri|move: Tailwind\n|move|p2b: Arcanine|Rock Slide|p1a: Aerodactyl|[spread] p1a,p1b\n|-supereffective|p1a: Aerodactyl|1\n|-supereffective|p1b: Typhlosion|1\n|-damage|p1a: Aerodactyl|8/100\n|-damage|p1b: Typhlosion|20/100\n|move|p1a: Aerodactyl|Tailwind|p1a: Aerodactyl\n|-sidestart|p1: 4_cdan|move: Tailwind\n|\n|upkeep\n|turn|2\n|inactive|4_cdan has 30 seconds left.\n|\n|t:|1776187511\n|switch|p2b: Tauros|Tauros-Paldea-Aqua, L50, M|100/100\n|-ability|p2b: Tauros|Intimidate|boost\n|-unboost|p1a: Aerodactyl|atk|1\n|-unboost|p1b: Typhlosion|atk|1\n|move|p1a: Aerodactyl|Protect|p1a: Aerodactyl\n|-singleturn|p1a: Aerodactyl|Protect\n|move|p1b: Typhlosion|Eruption|p2b: Tauros|[spread] p2a,p2b\n|-resisted|p2a: Aerodactyl|1\n|-resisted|p2b: Tauros|1\n|-damage|p2a: Aerodactyl|62/100\n|-damage|p2b: Tauros|93/100\n|move|p2a: Aerodactyl|Rock Slide|p1a: Aerodactyl|[spread] p1b\n|-activate|p1a: Aerodactyl|move: Protect\n|-supereffective|p1b: Typhlosion|1\n|-damage|p1b: Typhlosion|0 fnt\n|faint|p1b: Typhlosion\n|\n|upkeep\n|inactive|4_cdan has 30 seconds left.\n|\n|t:|1776187537\n|switch|p1b: Incineroar|Incineroar, L50, F|100/100\n|-ability|p1b: Incineroar|Intimidate|boost\n|-unboost|p2a: Aerodactyl|atk|1\n|-unboost|p2b: Tauros|atk|1\n|-enditem|p2b: Tauros|White Herb\n|-clearnegativeboost|p2b: Tauros|[silent]\n|turn|3\n|\n|t:|1776187548\n|move|p1b: Incineroar|Fake Out|p2a: Aerodactyl\n|-resisted|p2a: Aerodactyl|1\n|-damage|p2a: Aerodactyl|55/100\n|cant|p2a: Aerodactyl|flinch\n|move|p1a: Aerodactyl|Dual Wingbeat|p2b: Tauros\n|-supereffective|p2b: Tauros|1\n|-damage|p2b: Tauros|72/100\n|-supereffective|p2b: Tauros|1\n|-damage|p2b: Tauros|52/100\n|-hitcount|p2b: Tauros|2\n|move|p2b: Tauros|Raging Bull|p1b: Incineroar\n|-supereffective|p1b: Incineroar|1\n|-crit|p1b: Incineroar\n|-damage|p1b: Incineroar|5/100\n|\n|upkeep\n|turn|4\n|\n|t:|1776187566\n|move|p2b: Tauros|Aqua Jet|p1a: Aerodactyl\n|-supereffective|p1a: Aerodactyl|1\n|-damage|p1a: Aerodactyl|0 fnt\n|faint|p1a: Aerodactyl\n|move|p2a: Aerodactyl|Rock Slide|p1b: Incineroar\n|-supereffective|p1b: Incineroar|1\n|-damage|p1b: Incineroar|0 fnt\n|faint|p1b: Incineroar\n|\n|-sideend|p2: banri the banri|move: Tailwind\n|-sideend|p1: 4_cdan|move: Tailwind\n|upkeep\n|-message|4_cdan forfeited.\n|\n|win|banri the banri\n|raw|4_cdan's rating: 1153 &rarr; <strong>1129</strong><br />(-24 for losing)\n|raw|banri the banri's rating: 1163 &rarr; <strong>1187</strong><br />(+24 for winning)\n|l|\u26064_cdan\n|player|p1|\n",
  "uploadtime": 1776187579,
  "views": 24,
  "formatid": "gen9championsvgc2026regma",
  "rating": 1129,
  "private": 0,
  "password": null
}