{
  "id": "gen9championsvgc2026regma-2586891503",
  "format": "[Gen 9 Champions] VGC 2026 Reg M-A",
  "players": [
    "sadcasuals",
    "dongazpacho0"
  ],
  "log": "|j|\u2606sadcasuals\n|j|\u2606dongazpacho0\n|t:|1776469086\n|gametype|doubles\n|player|p1|sadcasuals|101|1336\n|player|p2|dongazpacho0|cynthia|1346\n|gen|9\n|tier|[Gen 9 Champions] VGC 2026 Reg M-A\n|rated|\n|rule|Species Clause: Limit one of each Pok\u00e9mon\n|rule|Item Clause: Limit 1 of each item\n|clearpoke\n|poke|p1|Blastoise, L50, F|\n|poke|p1|Whimsicott, L50, M|\n|poke|p1|Pelipper, L50, F|\n|poke|p1|Venusaur, L50, M|\n|poke|p1|Incineroar, L50, M|\n|poke|p1|Farigiraf, L50, F|\n|poke|p2|Golurk, L50|\n|poke|p2|Incineroar, L50, F|\n|poke|p2|Sneasler, L50, F|\n|poke|p2|Farigiraf, L50, M|\n|poke|p2|Torkoal, L50, M|\n|poke|p2|Venusaur, L50, M|\n|teampreview|4\n|inactive|Battle timer is ON: inactive players will automatically lose when time's up. (requested by dongazpacho0)\n|\n|t:|1776469115\n|teamsize|p1|4\n|teamsize|p2|4\n|start\n|switch|p1a: Whimsicott|Whimsicott, L50, M|100/100\n|switch|p1b: Incineroar|Incineroar, L50, M|100/100\n|switch|p2a: Farigiraf|Farigiraf, L50, M|100/100\n|switch|p2b: Incineroar|Incineroar, L50, F|100/100\n|-ability|p2b: Incineroar|Intimidate|boost\n|-unboost|p1a: Whimsicott|atk|1\n|-unboost|p1b: Incineroar|atk|1\n|-ability|p1b: Incineroar|Intimidate|boost\n|-unboost|p2a: Farigiraf|atk|1\n|-unboost|p2b: Incineroar|atk|1\n|turn|1\n|-activate|p1b: Incineroar|item: Quick Claw\n|\n|t:|1776469130\n|move|p1b: Incineroar|Darkest Lariat|p2a: Farigiraf\n|-supereffective|p2a: Farigiraf|1\n|-damage|p2a: Farigiraf|53/100\n|move|p2b: Incineroar|Parting Shot|p1b: Incineroar\n|-unboost|p1b: Incineroar|atk|1\n|-unboost|p1b: Incineroar|spa|1\n|\n|t:|1776469137\n|switch|p2b: Golurk|Golurk, L50, shiny|100/100|[from] Parting Shot\n|move|p1a: Whimsicott|Trick Room|p1a: Whimsicott\n|-fieldstart|move: Trick Room|[of] p1a: Whimsicott\n|move|p2a: Farigiraf|Trick Room|p2a: Farigiraf\n|-fieldend|move: Trick Room\n|\n|upkeep\n|turn|2\n|inactive|sadcasuals has 30 seconds left.\n|inactive|dongazpacho0 has 30 seconds left.\n|inactive|dongazpacho0 has 20 seconds left.\n|\n|t:|1776469172\n|detailschange|p2b: Golurk|Golurk-Mega, L50, shiny\n|-mega|p2b: Golurk|Golurk|Golurkite\n|move|p1b: Incineroar|Parting Shot|p2b: Golurk\n|-unboost|p2b: Golurk|atk|1\n|-unboost|p2b: Golurk|spa|1\n|\n|t:|1776469180\n|switch|p1b: Blastoise|Blastoise, L50, F|100/100|[from] Parting Shot\n|move|p2b: Golurk|Ice Punch|p1a: Whimsicott\n|-supereffective|p1a: Whimsicott|1\n|-damage|p1a: Whimsicott|60/100\n|move|p1a: Whimsicott|Trick Room|p1a: Whimsicott\n|-fieldstart|move: Trick Room|[of] p1a: Whimsicott\n|move|p2a: Farigiraf|Trick Room|p2a: Farigiraf\n|-fieldend|move: Trick Room\n|\n|upkeep\n|turn|3\n|\n|t:|1776469192\n|switch|p1a: Pelipper|Pelipper, L50, F|100/100\n|-weather|RainDance|[from] ability: Drizzle|[of] p1a: Pelipper\n|switch|p2b: Incineroar|Incineroar, L50, F|100/100\n|-ability|p2b: Incineroar|Intimidate|boost\n|-unboost|p1a: Pelipper|atk|1\n|-unboost|p1b: Blastoise|atk|1\n|detailschange|p1b: Blastoise|Blastoise-Mega, L50, F\n|-mega|p1b: Blastoise|Blastoise|Blastoisinite\n|move|p1b: Blastoise|Water Spout|p2b: Incineroar|[spread] p2a,p2b\n|-supereffective|p2b: Incineroar|1\n|-damage|p2a: Farigiraf|0 fnt\n|-damage|p2b: Incineroar|0 fnt\n|faint|p2a: Farigiraf\n|faint|p2b: Incineroar\n|\n|-weather|RainDance|[upkeep]\n|upkeep\n|\n|t:|1776469206\n|switch|p2b: Venusaur|Venusaur, L50, M|100/100\n|switch|p2a: Golurk|Golurk-Mega, L50, shiny|100/100\n|turn|4\n|-message|dongazpacho0 forfeited.\n|\n|win|sadcasuals\n|raw|sadcasuals's rating: 1336 &rarr; <strong>1357</strong><br />(+21 for winning)\n|raw|dongazpacho0's rating: 1346 &rarr; <strong>1325</strong><br />(-21 for losing)\n|l|\u2606dongazpacho0\n|player|p2|\n",
  "uploadtime": 1776469217,
  "views": 44,
  "formatid": "gen9championsvgc2026regma",
  "rating": 1325,
  "private": 0,
  "password": null
}