{
  "id": "gen9championsvgc2026regma-2587160892",
  "format": "[Gen 9 Champions] VGC 2026 Reg M-A",
  "players": [
    "letslarpjane",
    "33daan"
  ],
  "log": "|j|\u2606letslarpjane\n|j|\u260633daan\n|t:|1776502350\n|gametype|doubles\n|player|p1|letslarpjane|266|1468\n|player|p2|33daan|170|1463\n|gen|9\n|tier|[Gen 9 Champions] VGC 2026 Reg M-A\n|rated|\n|rule|Species Clause: Limit one of each Pok\u00e9mon\n|rule|Item Clause: Limit 1 of each item\n|clearpoke\n|poke|p1|Sneasler, L50, F|\n|poke|p1|Kingambit, L50, F|\n|poke|p1|Aerodactyl, L50, F|\n|poke|p1|Froslass, L50, F|\n|poke|p1|Rotom-Heat, L50|\n|poke|p1|Basculegion, L50, M|\n|poke|p2|Incineroar, L50, F|\n|poke|p2|Farigiraf, L50, M|\n|poke|p2|Torkoal, L50, M|\n|poke|p2|Sinistcha, L50|\n|poke|p2|Kingambit, L50, F|\n|poke|p2|Crabominable, L50, M|\n|teampreview|4\n|inactive|Battle timer is ON: inactive players will automatically lose when time's up. (requested by 33daan)\n|inactive|33daan has 60 seconds left.\n|inactive|33daan has 30 seconds left.\n|inactive|33daan has 20 seconds left.\n|inactive|33daan has 15 seconds left.\n|inactive|33daan has 10 seconds left.\n|inactive|33daan has 5 seconds left.\n|\n|t:|1776502441\n|teamsize|p1|4\n|teamsize|p2|4\n|start\n|switch|p1a: Aerodactyl|Aerodactyl, L50, F|100/100\n|switch|p1b: Kingambit|Kingambit, L50, F|100/100\n|switch|p2a: Incineroar|Incineroar, L50, F|100/100\n|switch|p2b: Farigiraf|Farigiraf, L50, M|100/100\n|-ability|p1a: Aerodactyl|Unnerve\n|-ability|p2a: Incineroar|Intimidate|boost\n|-unboost|p1a: Aerodactyl|atk|1\n|-unboost|p1b: Kingambit|atk|1\n|-ability|p1b: Kingambit|Defiant|boost\n|-boost|p1b: Kingambit|atk|2\n|turn|1\n|\n|t:|1776502450\n|move|p2a: Incineroar|Fake Out|p1b: Kingambit\n|-resisted|p1b: Kingambit|1\n|-damage|p1b: Kingambit|96/100\n|move|p1a: Aerodactyl|Rock Slide|p2a: Incineroar|[spread] p2a,p2b\n|-supereffective|p2a: Incineroar|1\n|-damage|p2a: Incineroar|64/100\n|-damage|p2b: Farigiraf|81/100\n|cant|p1b: Kingambit|flinch\n|cant|p2b: Farigiraf|flinch\n|\n|upkeep\n|turn|2\n|\n|t:|1776502470\n|move|p1a: Aerodactyl|Rock Slide|p2b: Farigiraf|[spread] p2b\n|-miss|p1a: Aerodactyl|p2a: Incineroar\n|-damage|p2b: Farigiraf|62/100\n|move|p2a: Incineroar|Close Combat|p1b: Kingambit\n|-supereffective|p1b: Kingambit|2\n|-enditem|p1b: Kingambit|Chople Berry|[eat]\n|-enditem|p1b: Kingambit|Chople Berry|[weaken]\n|-damage|p1b: Kingambit|34/100\n|-unboost|p2a: Incineroar|def|1\n|-unboost|p2a: Incineroar|spd|1\n|-enditem|p2a: Incineroar|White Herb\n|-clearnegativeboost|p2a: Incineroar|[silent]\n|move|p1b: Kingambit|Kowtow Cleave|p2b: Farigiraf\n|-supereffective|p2b: Farigiraf|1\n|-damage|p2b: Farigiraf|0 fnt\n|faint|p2b: Farigiraf\n|\n|upkeep\n|inactive|33daan has 30 seconds left.\n|\n|t:|1776502501\n|switch|p2b: Sinistcha|Sinistcha, L50|100/100\n|-heal|p2a: Incineroar|89/100|[from] ability: Hospitality|[of] p2b: Sinistcha\n|turn|3\n|c|\u2606letslarpjane|The Legendary Incin CC?????\n|\n|t:|1776502520\n|move|p1a: Aerodactyl|Tailwind|p1a: Aerodactyl\n|-sidestart|p1: letslarpjane|move: Tailwind\n|move|p1b: Kingambit|Kowtow Cleave|p2b: Sinistcha\n|-supereffective|p2b: Sinistcha|1\n|-damage|p2b: Sinistcha|0 fnt\n|faint|p2b: Sinistcha\n|move|p2a: Incineroar|Flare Blitz|p1b: Kingambit\n|-supereffective|p1b: Kingambit|1\n|-damage|p1b: Kingambit|0 fnt\n|faint|p1b: Kingambit\n|-damage|p2a: Incineroar|77/100|[from] Recoil\n|\n|upkeep\n|\n|t:|1776502529\n|switch|p2b: Torkoal|Torkoal, L50, M|100/100\n|switch|p1b: Rotom|Rotom-Heat, L50|100/100\n|-weather|SunnyDay|[from] ability: Drought|[of] p2b: Torkoal\n|turn|4\n|-message|33daan forfeited.\n|\n|win|letslarpjane\n|raw|letslarpjane's rating: 1468 &rarr; <strong>1488</strong><br />(+20 for winning)\n|raw|33daan's rating: 1463 &rarr; <strong>1443</strong><br />(-20 for losing)\n|l|\u260633daan\n|player|p2|\n|l|\u2606letslarpjane\n|player|p1|\n",
  "uploadtime": 1776502556,
  "views": 38,
  "formatid": "gen9championsvgc2026regma",
  "rating": 1443,
  "private": 0,
  "password": null
}