{
  "id": "gen9championsvgc2026regma-2588330009",
  "format": "[Gen 9 Champions] VGC 2026 Reg M-A",
  "players": [
    "Peter Panshrew\u2714\ufe0f",
    "1#MiraidonHater"
  ],
  "log": "|j|\u2606Peter Panshrew\u2714\ufe0f\n|j|\u26061#MiraidonHater\n|t:|1776624627\n|gametype|doubles\n|player|p1|Peter Panshrew\u2714\ufe0f|170|\n|player|p2|1#MiraidonHater|volkner|\n|gen|9\n|tier|[Gen 9 Champions] VGC 2026 Reg M-A\n|rule|Species Clause: Limit one of each Pok\u00e9mon\n|rule|Item Clause: Limit 1 of each item\n|clearpoke\n|poke|p1|Froslass, L50, F|\n|poke|p1|Sneasler, L50, F|\n|poke|p1|Espathra, L50, F|\n|poke|p1|Meowstic, L50, M|\n|poke|p1|Goodra-Hisui, L50, M|\n|poke|p1|Gyarados, L50, M|\n|poke|p2|Gardevoir, L50, M|\n|poke|p2|Basculegion, L50, M|\n|poke|p2|Tsareena, L50, F|\n|poke|p2|Incineroar, L50, F|\n|poke|p2|Pelipper, L50, M|\n|poke|p2|Archaludon, L50, M|\n|teampreview|4\nPeter Panshrew\u2714\ufe0f rejected open team sheets.\n|\n|t:|1776624670\n|teamsize|p1|4\n|teamsize|p2|4\n|start\n|switch|p1a: Espathra|Espathra, L50, F|100/100\n|switch|p1b: Meowstic|Meowstic, L50, M|100/100\n|switch|p2a: Bishow|Gardevoir, L50, M|100/100\n|switch|p2b: Dop Dururum|Basculegion, L50, M|100/100\n|-ability|p2a: Bishow|Speed Boost|Trace|[from] ability: Trace|[of] p1a: Espathra\n|turn|1\n|\n|t:|1776624746\n|move|p1a: Espathra|Protect|p1a: Espathra\n|-singleturn|p1a: Espathra|Protect\n|move|p2a: Bishow|Protect|p2a: Bishow\n|-singleturn|p2a: Bishow|Protect\n|move|p1b: Meowstic|Gravity|p1b: Meowstic\n|-fieldstart|move: Gravity\n|move|p2b: Dop Dururum|Last Respects|p1b: Meowstic\n|-supereffective|p1b: Meowstic|1\n|-damage|p1b: Meowstic|39/100\n|\n|-ability|p1a: Espathra|Speed Boost|boost\n|-boost|p1a: Espathra|spe|1\n|-ability|p2a: Bishow|Speed Boost|boost\n|-boost|p2a: Bishow|spe|1\n|upkeep\n|turn|2\n|\n|t:|1776624769\n|move|p1b: Meowstic|Psychic Terrain|p1b: Meowstic\n|-fieldstart|move: Psychic Terrain\n|move|p1a: Espathra|Hypnosis|p2a: Bishow\n|-status|p2a: Bishow|slp|[from] move: Hypnosis\n|move|p2b: Dop Dururum|Last Respects|p1b: Meowstic\n|-supereffective|p1b: Meowstic|1\n|-damage|p1b: Meowstic|0 fnt\n|faint|p1b: Meowstic\n|cant|p2a: Bishow|slp\n|\n|-ability|p1a: Espathra|Speed Boost|boost\n|-boost|p1a: Espathra|spe|1\n|-ability|p2a: Bishow|Speed Boost|boost\n|-boost|p2a: Bishow|spe|1\n|upkeep\n|\n|t:|1776624777\n|switch|p1b: Froslass|Froslass, L50, F|100/100\n|turn|3\n|\n|t:|1776624796\n|switch|p2b: Teaser|Incineroar, L50, F|100/100\n|-ability|p2b: Teaser|Intimidate|boost\n|-unboost|p1a: Espathra|atk|1\n|-unboost|p1b: Froslass|atk|1\n|detailschange|p2a: Bishow|Gardevoir-Mega, L50, M\n|-mega|p2a: Bishow|Gardevoir|Gardevoirite\n|detailschange|p1b: Froslass|Froslass-Mega, L50, F\n|-mega|p1b: Froslass|Froslass|Froslassite\n|-weather|Snowscape|[from] ability: Snow Warning|[of] p1b: Froslass\n|move|p1a: Espathra|Hypnosis|p2b: Teaser\n|-status|p2b: Teaser|slp|[from] move: Hypnosis\n|cant|p2a: Bishow|slp\n|move|p1b: Froslass|Shadow Ball|p2a: Bishow\n|-supereffective|p2a: Bishow|1\n|-damage|p2a: Bishow|33/100 slp\n|-unboost|p2a: Bishow|spd|1\n|\n|-weather|Snowscape|[upkeep]\n|-ability|p1a: Espathra|Speed Boost|boost\n|-boost|p1a: Espathra|spe|1\n|upkeep\n|turn|4\n|\n|t:|1776624816\n|cant|p2b: Teaser|slp\n|move|p1a: Espathra|Lumina Crash|p2a: Bishow\n|-resisted|p2a: Bishow|1\n|-damage|p2a: Bishow|0 fnt\n|faint|p2a: Bishow\n|move|p1b: Froslass|Aurora Veil|p1b: Froslass\n|-sidestart|p1: Peter Panshrew\u2714\ufe0f|move: Aurora Veil\n|\n|-weather|Snowscape|[upkeep]\n|-ability|p1a: Espathra|Speed Boost|boost\n|-boost|p1a: Espathra|spe|1\n|upkeep\n|c|\u26061#MiraidonHater|hmm gg\n|-message|1#MiraidonHater forfeited.\n|\n|win|Peter Panshrew\u2714\ufe0f\n",
  "uploadtime": 1776624630,
  "views": 5,
  "formatid": "gen9championsvgc2026regma",
  "rating": null,
  "private": 0,
  "password": null
}