{
  "id": "gen9championsvgc2026regma-2589504545",
  "format": "[Gen 9 Champions] VGC 2026 Reg M-A",
  "players": [
    "EleaNorm",
    "rewrewrew123"
  ],
  "log": "|j|\u2606EleaNorm\n|j|\u2606rewrewrew123\n|t:|1776729002\n|gametype|doubles\n|player|p1|EleaNorm|acetrainersnowf|1083\n|player|p2|rewrewrew123|juan|1000\n|gen|9\n|tier|[Gen 9 Champions] VGC 2026 Reg M-A\n|rated|\n|rule|Species Clause: Limit one of each Pok\u00e9mon\n|rule|Item Clause: Limit 1 of each item\n|clearpoke\n|poke|p1|Crabominable, L50, M, shiny|\n|poke|p1|Slowking-Galar, L50, M, shiny|\n|poke|p1|Incineroar, L50, M, shiny|\n|poke|p1|Sinistcha-Masterpiece, L50, shiny|\n|poke|p1|Abomasnow, L50, F, shiny|\n|poke|p1|Froslass, L50, F, shiny|\n|poke|p2|Dragonite, L50, M, shiny|\n|poke|p2|Alcremie-Rainbow-Swirl, L50, F, shiny|\n|poke|p2|Feraligatr, L50, M|\n|poke|p2|Kingambit, L50, M, shiny|\n|poke|p2|Conkeldurr, L50, F, shiny|\n|poke|p2|Sableye, L50, M, shiny|\n|teampreview|4\n|inactive|Battle timer is ON: inactive players will automatically lose when time's up. (requested by rewrewrew123)\n|inactive|EleaNorm also wants the timer to be on.\n|inactive|rewrewrew123 has 60 seconds left.\n|\n|t:|1776729043\n|teamsize|p1|4\n|teamsize|p2|4\n|start\n|switch|p1a: Slowking|Slowking-Galar, L50, M, shiny|100/100\n|switch|p1b: Incineroar|Incineroar, L50, M, shiny|100/100\n|switch|p2a: Kingambit|Kingambit, L50, M, shiny|100/100\n|switch|p2b: Feraligatr|Feraligatr, L50, M|100/100\n|-ability|p1b: Incineroar|Intimidate|boost\n|-unboost|p2a: Kingambit|atk|1\n|-ability|p2a: Kingambit|Defiant|boost\n|-boost|p2a: Kingambit|atk|2\n|-unboost|p2b: Feraligatr|atk|1\n|turn|1\n|inactive|rewrewrew123 has 30 seconds left.\n|\n|t:|1776729076\n|move|p2b: Feraligatr|Protect|p2b: Feraligatr\n|-singleturn|p2b: Feraligatr|Protect\n|move|p2a: Kingambit|Protect|p2a: Kingambit\n|-singleturn|p2a: Kingambit|Protect\n|move|p1b: Incineroar|Fake Out|p2b: Feraligatr\n|-activate|p2b: Feraligatr|move: Protect\n|move|p1a: Slowking|Trick Room|p1a: Slowking\n|-fieldstart|move: Trick Room|[of] p1a: Slowking\n|\n|upkeep\n|turn|2\n|\n|t:|1776729094\n|detailschange|p2b: Feraligatr|Feraligatr-Mega, L50, M\n|-mega|p2b: Feraligatr|Feraligatr|Feraligite\n|move|p2a: Kingambit|Sucker Punch||[still]\n|-fail|p2a: Kingambit\n|-prepare|p1a: Slowking|Chilly Reception|[premajor]\n|move|p1a: Slowking|Chilly Reception|p1a: Slowking\n|-weather|Snowscape\n|l|\u2606EleaNorm\n|inactive|EleaNorm disconnected and has a minute to reconnect!\n|player|p1|\n|inactive|EleaNorm has 30 seconds left.\n|j|\u2606EleaNorm\n|inactive|EleaNorm reconnected and has 25 seconds left.\n|player|p1|EleaNorm|acetrainersnowf|\n|\n|t:|1776729128\n|switch|p1a: Crabominable|Crabominable, L50, M, shiny|100/100|[from] Chilly Reception\n|move|p2b: Feraligatr|Liquidation|p1b: Incineroar\n|-supereffective|p1b: Incineroar|1\n|-damage|p1b: Incineroar|38/100\n|move|p1b: Incineroar|Parting Shot|p2b: Feraligatr\n|-unboost|p2b: Feraligatr|atk|1\n|-unboost|p2b: Feraligatr|spa|1\n|\n|t:|1776729138\n|switch|p1b: Sinistcha|Sinistcha-Masterpiece, L50, shiny|100/100|[from] Parting Shot\n|\n|-weather|Snowscape|[upkeep]\n|upkeep\n|turn|3\n|\n|t:|1776729156\n|detailschange|p1a: Crabominable|Crabominable-Mega, L50, M, shiny\n|-mega|p1a: Crabominable|Crabominable|Crabominite\n|move|p1b: Sinistcha|Rage Powder|p1b: Sinistcha\n|-singleturn|p1b: Sinistcha|move: Rage Powder\n|move|p1a: Crabominable|Thunder Punch|p2b: Feraligatr\n|-damage|p2b: Feraligatr|73/100\n|move|p2a: Kingambit|Kowtow Cleave|p1b: Sinistcha\n|-supereffective|p1b: Sinistcha|1\n|-damage|p1b: Sinistcha|0 fnt\n|faint|p1b: Sinistcha\n|move|p2b: Feraligatr|Liquidation|p1a: Crabominable\n|-damage|p1a: Crabominable|90/100\n|\n|-weather|Snowscape|[upkeep]\n|upkeep\n|\n|t:|1776729172\n|switch|p1b: Incineroar|Incineroar, L50, M, shiny|38/100\n|-ability|p1b: Incineroar|Intimidate|boost\n|-unboost|p2a: Kingambit|atk|1\n|-ability|p2a: Kingambit|Defiant|boost\n|-boost|p2a: Kingambit|atk|2\n|-unboost|p2b: Feraligatr|atk|1\n|turn|4\n|-message|EleaNorm forfeited.\n|\n|win|rewrewrew123\n|raw|EleaNorm's rating: 1083 &rarr; <strong>1055</strong><br />(-28 for losing)\n|raw|rewrewrew123's rating: 1000 &rarr; <strong>1049</strong><br />(+49 for winning)\n|l|\u2606EleaNorm\n|player|p1|\n",
  "uploadtime": 1776729239,
  "views": 2,
  "formatid": "gen9championsvgc2026regma",
  "rating": 1049,
  "private": 0,
  "password": null
}