{
  "id": "gen9championsvgc2026regma-2582929904",
  "format": "[Gen 9 Champions] VGC 2026 Reg M-A",
  "players": [
    "silvermagicianvgc",
    "Alievew"
  ],
  "log": "|j|\u2606silvermagicianvgc\n|j|\u2606Alievew\n|t:|1776125929\n|gametype|doubles\n|player|p1|silvermagicianvgc|silver|1370\n|player|p2|Alievew|riley|1353\n|gen|9\n|tier|[Gen 9 Champions] VGC 2026 Reg M-A\n|rated|\n|rule|Species Clause: Limit one of each Pok\u00e9mon\n|rule|Item Clause: Limit 1 of each item\n|clearpoke\n|poke|p1|Floette-Eternal, L50, F|\n|poke|p1|Garchomp, L50, F|\n|poke|p1|Charizard, L50, M|\n|poke|p1|Incineroar, L50, M|\n|poke|p1|Sneasler, L50, F|\n|poke|p1|Sinistcha, L50|\n|poke|p2|Pelipper, L50, M|\n|poke|p2|Incineroar, L50, F|\n|poke|p2|Meganium, L50, F|\n|poke|p2|Basculegion, L50, M|\n|poke|p2|Sneasler, L50, F|\n|poke|p2|Archaludon, L50, M|\n|teampreview|4\n|inactive|Battle timer is ON: inactive players will automatically lose when time's up. (requested by Alievew)\n|inactive|silvermagicianvgc has 60 seconds left.\n|inactive|Alievew has 60 seconds left.\nAlievew rejected open team sheets.\n|inactive|silvermagicianvgc has 30 seconds left.\n|\n|t:|1776125997\n|teamsize|p1|4\n|teamsize|p2|4\n|start\n|switch|p1a: Floette|Floette-Eternal, L50, F, shiny|100/100\n|switch|p1b: Sneasler|Sneasler, L50, F|100/100\n|switch|p2a: Sneasler|Sneasler, L50, F|100/100\n|switch|p2b: Basculegion|Basculegion, L50, M|100/100\n|turn|1\n|inactive|silvermagicianvgc has 30 seconds left.\n|inactive|Alievew has 30 seconds left.\n|inactive|Alievew has 20 seconds left.\n|inactive|silvermagicianvgc has 20 seconds left.\n|\n|t:|1776126039\n|detailschange|p1a: Floette|Floette-Mega, L50, F, shiny\n|-mega|p1a: Floette|Floette|Floettite\n|-ability|p1a: Floette|Fairy Aura\n|move|p1b: Sneasler|Fake Out|p2a: Sneasler\n|-damage|p2a: Sneasler|75/100\n|move|p2b: Basculegion|Wave Crash|p1a: Floette\n|-damage|p1a: Floette|15/100\n|-damage|p2b: Basculegion|75/100|[from] Recoil\n|cant|p2a: Sneasler|flinch\n|move|p1a: Floette|Dazzling Gleam|p2a: Sneasler|[spread] p2a,p2b\n|-damage|p2a: Sneasler|12/100\n|-damage|p2b: Basculegion|17/100\n|\n|upkeep\n|turn|2\n|\n|t:|1776126061\n|switch|p1a: Sinistcha|Sinistcha, L50|100/100\n|move|p2b: Basculegion|Wave Crash|p1b: Sneasler\n|-damage|p1b: Sneasler|0 fnt\n|faint|p1b: Sneasler\n|-damage|p2b: Basculegion|0 fnt|[from] Recoil\n|faint|p2b: Basculegion\n|move|p2a: Sneasler|Dire Claw|p1a: Sinistcha\n|-damage|p1a: Sinistcha|65/100\n|\n|-heal|p1a: Sinistcha|71/100|[from] item: Leftovers\n|upkeep\n|\n|t:|1776126082\n|switch|p1b: Incineroar|Incineroar, L50, M|100/100\n|switch|p2b: Pelipper|Pelipper, L50, M|100/100\n|-weather|RainDance|[from] ability: Drizzle|[of] p2b: Pelipper\n|-ability|p1b: Incineroar|Intimidate|boost\n|-unboost|p2a: Sneasler|atk|1\n|-unboost|p2b: Pelipper|atk|1\n|-enditem|p2a: Sneasler|White Herb\n|-clearnegativeboost|p2a: Sneasler|[silent]\n|turn|3\n|\n|t:|1776126105\n|move|p1b: Incineroar|Fake Out|p2a: Sneasler\n|-damage|p2a: Sneasler|0 fnt\n|faint|p2a: Sneasler\n|move|p2b: Pelipper|Hurricane|p1a: Sinistcha\n|-supereffective|p1a: Sinistcha|1\n|-damage|p1a: Sinistcha|0 fnt\n|faint|p1a: Sinistcha\n|\n|-weather|RainDance|[upkeep]\n|upkeep\n|\n|t:|1776126113\n|switch|p2a: Meganium|Meganium, L50, F|100/100\n|switch|p1a: Floette|Floette-Mega, L50, F, shiny|15/100\n|-ability|p1a: Floette|Fairy Aura\n|turn|4\n|inactive|silvermagicianvgc has 30 seconds left.\n|-message|silvermagicianvgc forfeited.\n|\n|win|Alievew\n|raw|silvermagicianvgc's rating: 1370 &rarr; <strong>1349</strong><br />(-21 for losing)\n|raw|Alievew's rating: 1353 &rarr; <strong>1374</strong><br />(+21 for winning)\n|l|\u2606silvermagicianvgc\n|player|p1|\n|l|\u2606Alievew\n|player|p2|\n",
  "uploadtime": 1776126160,
  "views": 36,
  "formatid": "gen9championsvgc2026regma",
  "rating": 1349,
  "private": 0,
  "password": null
}