{
  "id": "gen9championsvgc2026regma-2581205483",
  "format": "[Gen 9 Champions] VGC 2026 Reg M-A",
  "players": [
    "acp cool person",
    "lilsxooby"
  ],
  "log": "|j|\u2606acp cool person\n|j|\u2606lilsxooby\n|t:|1775970615\n|gametype|doubles\n|player|p1|acp cool person|lady|\n|player|p2|lilsxooby|benga|\n|gen|9\n|tier|[Gen 9 Champions] VGC 2026 Reg M-A\n|rule|Species Clause: Limit one of each Pok\u00e9mon\n|rule|Item Clause: Limit 1 of each item\n|clearpoke\n|poke|p1|Farigiraf, L50, M|\n|poke|p1|Sinistcha, L50|\n|poke|p1|Basculegion, L50, M|\n|poke|p1|Sneasler, L50, F|\n|poke|p1|Kingambit, L50, F|\n|poke|p1|Delphox, L50, M|\n|poke|p2|Glimmora, L50, M|\n|poke|p2|Gardevoir, L50, F|\n|poke|p2|Delphox, L50, F|\n|poke|p2|Aerodactyl, L50, F|\n|poke|p2|Kingambit, L50, F|\n|poke|p2|Milotic, L50, F|\n|teampreview|4\n|c|\u2606acp cool person|he same\n|c|\u2606acp cool person|i did the same *\n|c|\u2606lilsxooby|ah\n|c|\u2606acp cool person|bestie i fucking love this fish\n|c|\u2606acp cool person|im genuinely addicted to the fish\n|c|\u2606lilsxooby|i would if i used it\n|c|\u2606lilsxooby|but im on the opposite side\n|c|\u2606lilsxooby|so i wanna cook that fish\n|c|\u2606acp cool person|i main Doubles ou\n|c|\u2606acp cool person|so i used the terrible fish\n|c|\u2606acp cool person|and now they just give you the good fish for free in a no legendaries format\n|c|\u2606acp cool person|holy\n|c|\u2606lilsxooby|i wouldve loved to use it during reg h but i wasnt playing at the time\n|c|\u2606acp cool person|aight les go\n|c|\u2606acp cool person|tbh fish has an amazing matchup into your team\n|c|\u2606acp cool person|i am sorry\n|\n|t:|1775970755\n|teamsize|p1|4\n|teamsize|p2|4\n|start\n|switch|p1a: Basculegion|Basculegion, L50, M|100/100\n|switch|p1b: Kingambit|Kingambit, L50, F|100/100\n|switch|p2a: Milotic|Milotic, L50, F|100/100\n|switch|p2b: Kingambit|Kingambit, L50, F|100/100\n|turn|1\n|c|\u2606lilsxooby|no ur good bestie this has helped me realize\n|c|\u2606lilsxooby|i think i have one common weakness between my mons\n|\n|t:|1775970785\n|move|p2b: Kingambit|Sucker Punch|p1a: Basculegion\n|-supereffective|p1a: Basculegion|1\n|-damage|p1a: Basculegion|0 fnt\n|faint|p1a: Basculegion\n|move|p2a: Milotic|Scald|p1b: Kingambit\n|-damage|p1b: Kingambit|70/100\n|move|p1b: Kingambit|Swords Dance|p1b: Kingambit\n|-boost|p1b: Kingambit|atk|2\n|\n|upkeep\n|\n|t:|1775970795\n|switch|p1a: Sinistcha|Sinistcha, L50|100/100\n|-heal|p1b: Kingambit|95/100|[from] ability: Hospitality|[of] p1a: Sinistcha\n|turn|2\n|\n|t:|1775970808\n|move|p2a: Milotic|Helping Hand|p2b: Kingambit\n|-singleturn|p2b: Kingambit|Helping Hand|[of] p2a: Milotic\n|move|p1a: Sinistcha|Rage Powder|p1a: Sinistcha\n|-singleturn|p1a: Sinistcha|move: Rage Powder\n|move|p2b: Kingambit|Kowtow Cleave|p1a: Sinistcha\n|-supereffective|p1a: Sinistcha|1\n|-damage|p1a: Sinistcha|0 fnt\n|faint|p1a: Sinistcha\n|move|p1b: Kingambit|Kowtow Cleave|p2a: Milotic\n|-damage|p2a: Milotic|0 fnt\n|faint|p2a: Milotic\n|\n|upkeep\n|\n|t:|1775970829\n|switch|p2a: Delphox|Delphox, L50, F|100/100\n|switch|p1a: Sneasler|Sneasler, L50, F|100/100\n|turn|3\n|\n|t:|1775970840\n|switch|p2b: Gardevoir|Gardevoir, L50, F|100/100\n|move|p2a: Delphox|Protect|p2a: Delphox\n|-singleturn|p2a: Delphox|Protect\n|move|p1a: Sneasler|Fake Out|p2b: Gardevoir\n|-damage|p2b: Gardevoir|80/100\n|move|p1b: Kingambit|Kowtow Cleave|p2a: Delphox\n|-activate|p2a: Delphox|move: Protect\n|\n|upkeep\n|turn|4\n|c|\u2606lilsxooby|what other follow mons are good besides the twa\n|c|\u2606lilsxooby|the tea\n|c|\u2606acp cool person|support mons are so fucking cracked out the wazoo\n|c|\u2606acp cool person|like your roster is like 8 S+ goats\n|c|\u2606acp cool person|pelliper, whimsicott, clefable, are all like just sitting there\n|\n|t:|1775970932\n|switch|p2a: Kingambit|Kingambit, L50, F|100/100\n|move|p1b: Kingambit|Protect|p1b: Kingambit\n|-singleturn|p1b: Kingambit|Protect\n|move|p1a: Sneasler|Dire Claw|p2b: Gardevoir\n|-supereffective|p2b: Gardevoir|1\n|-damage|p2b: Gardevoir|0 fnt\n|faint|p2b: Gardevoir\n|\n|upkeep\n|\n|t:|1775970939\n|switch|p2b: Delphox|Delphox, L50, F|100/100\n|turn|5\n|c|\u2606lilsxooby|i messed up\n|c|\u2606acp cool person|talonflame and venusaur are also like just around for speed control and damage\n|\n|t:|1775970977\n|detailschange|p2b: Delphox|Delphox-Mega, L50, F\n|-mega|p2b: Delphox|Delphox|Delphoxite\n|move|p2a: Kingambit|Sucker Punch|p1a: Sneasler\n|-resisted|p1a: Sneasler|1\n|-damage|p1a: Sneasler|59/100\n|move|p1b: Kingambit|Sucker Punch|p2b: Delphox\n|-supereffective|p2b: Delphox|1\n|-damage|p2b: Delphox|0 fnt\n|faint|p2b: Delphox\n|move|p1a: Sneasler|Close Combat|p2a: Kingambit\n|-supereffective|p2a: Kingambit|2\n|-damage|p2a: Kingambit|0 fnt\n|-unboost|p1a: Sneasler|def|1\n|-unboost|p1a: Sneasler|spd|1\n|faint|p2a: Kingambit\n|\n|win|acp cool person\n|c|\u2606acp cool person|hype\n|c|\u2606acp cool person|ggs\n|c|\u2606acp cool person|ur awesome\n|c|\u2606lilsxooby|oof\n|c|\u2606lilsxooby|thank u ur awesome 2\n|c|\u2606acp cool person|ngl if anyone ever shows up with a priospam team like dragonite or whatever\n",
  "uploadtime": 1775971020,
  "views": 19,
  "formatid": "gen9championsvgc2026regma",
  "rating": null,
  "private": 0,
  "password": null
}