{
  "id": "gen9championsvgc2026regma-2584405636",
  "format": "[Gen 9 Champions] VGC 2026 Reg M-A",
  "players": [
    "grushuri",
    "DeadboltVulpoon"
  ],
  "log": "|j|\u2606grushuri\n|j|\u2606DeadboltVulpoon\n|t:|1776258529\n|gametype|doubles\n|player|p1|grushuri|lebanne|1164\n|player|p2|DeadboltVulpoon|1|1156\n|gen|9\n|tier|[Gen 9 Champions] VGC 2026 Reg M-A\n|rated|\n|rule|Species Clause: Limit one of each Pok\u00e9mon\n|rule|Item Clause: Limit 1 of each item\n|clearpoke\n|poke|p1|Torkoal, L50, F|\n|poke|p1|Golurk, L50|\n|poke|p1|Farigiraf, L50, M|\n|poke|p1|Venusaur, L50, M|\n|poke|p1|Kingambit, L50, F|\n|poke|p1|Incineroar, L50, M|\n|poke|p2|Gengar, L50, M|\n|poke|p2|Whimsicott, L50, F|\n|poke|p2|Incineroar, L50, M|\n|poke|p2|Politoed, L50, F|\n|poke|p2|Garchomp, L50, F|\n|poke|p2|Scizor, L50, F|\n|teampreview|4\nDeadboltVulpoon rejected open team sheets.\n|inactive|Battle timer is ON: inactive players will automatically lose when time's up. (requested by DeadboltVulpoon)\n|\n|t:|1776258554\n|teamsize|p1|4\n|teamsize|p2|4\n|start\n|switch|p1a: Farigiraf|Farigiraf, L50, M|100/100\n|switch|p1b: Incineroar|Incineroar, L50, M|100/100\n|switch|p2a: Gengar|Gengar, L50, M|100/100\n|switch|p2b: Scizor|Scizor, L50, F|100/100\n|-ability|p1b: Incineroar|Intimidate|boost\n|-unboost|p2a: Gengar|atk|1\n|-unboost|p2b: Scizor|atk|1\n|-enditem|p2b: Scizor|White Herb\n|-clearnegativeboost|p2b: Scizor|[silent]\n|turn|1\n|\n|t:|1776258579\n|detailschange|p2a: Gengar|Gengar-Mega, L50, M\n|-mega|p2a: Gengar|Gengar|Gengarite\n|move|p1b: Incineroar|Fake Out|p2b: Scizor\n|-resisted|p2b: Scizor|1\n|-damage|p2b: Scizor|94/100\n|move|p2a: Gengar|Sludge Bomb|p1b: Incineroar\n|-damage|p1b: Incineroar|46/100\n|cant|p2b: Scizor|flinch\n|move|p1a: Farigiraf|Trick Room|p1a: Farigiraf\n|-fieldstart|move: Trick Room|[of] p1a: Farigiraf\n|\n|upkeep\n|turn|2\n|\n|t:|1776258593\n|switch|p2b: Politoed|Politoed, L50, F|100/100\n|-weather|RainDance|[from] ability: Drizzle|[of] p2b: Politoed\n|switch|p2a: Incineroar|Incineroar, L50, M|100/100\n|-ability|p2a: Incineroar|Intimidate|boost\n|-unboost|p1a: Farigiraf|atk|1\n|-unboost|p1b: Incineroar|atk|1\n|move|p1a: Farigiraf|Twin Beam|p2a: Incineroar\n|-immune|p2a: Incineroar\n|move|p1b: Incineroar|Flare Blitz|p2b: Politoed\n|-resisted|p2b: Politoed|1\n|-damage|p2b: Politoed|91/100\n|-damage|p1b: Incineroar|43/100|[from] Recoil\n|\n|-weather|RainDance|[upkeep]\n|-heal|p2b: Politoed|97/100|[from] item: Leftovers\n|upkeep\n|turn|3\n|\n|t:|1776258618\n|switch|p1b: Kingambit|Kingambit, L50, F|100/100\n|switch|p2b: Scizor|Scizor, L50, F|94/100\n|move|p1a: Farigiraf|Hyper Voice|p2a: Incineroar|[spread] p2a,p2b\n|-resisted|p2b: Scizor|1\n|-damage|p2a: Incineroar|75/100\n|-damage|p2b: Scizor|77/100\n|move|p2a: Incineroar|Parting Shot|p1b: Kingambit\n|-unboost|p1b: Kingambit|atk|1\n|-ability|p1b: Kingambit|Defiant|boost\n|-boost|p1b: Kingambit|atk|2\n|-unboost|p1b: Kingambit|spa|1\n|-ability|p1b: Kingambit|Defiant|boost\n|-boost|p1b: Kingambit|atk|2\n|\n|t:|1776258630\n|switch|p2a: Gengar|Gengar-Mega, L50, M|100/100|[from] Parting Shot\n|\n|-weather|RainDance|[upkeep]\n|upkeep\n|turn|4\n|\n|t:|1776258648\n|move|p2a: Gengar|Protect|p2a: Gengar\n|-singleturn|p2a: Gengar|Protect\n|move|p1b: Kingambit|Kowtow Cleave|p2b: Scizor\n|-damage|p2b: Scizor|0 fnt\n|faint|p2b: Scizor\n|move|p1a: Farigiraf|Twin Beam|p2a: Gengar\n|-activate|p2a: Gengar|move: Protect\n|\n|-weather|RainDance|[upkeep]\n|upkeep\n|-message|DeadboltVulpoon forfeited.\n|\n|win|grushuri\n|raw|grushuri's rating: 1164 &rarr; <strong>1188</strong><br />(+24 for winning)\n|raw|DeadboltVulpoon's rating: 1156 &rarr; <strong>1132</strong><br />(-24 for losing)\n|l|\u2606DeadboltVulpoon\n|player|p2|\n",
  "uploadtime": 1776258656,
  "views": 32,
  "formatid": "gen9championsvgc2026regma",
  "rating": 1132,
  "private": 0,
  "password": null
}