{
  "id": "gen9championsvgc2026regma-2583331359",
  "format": "[Gen 9 Champions] VGC 2026 Reg M-A",
  "players": [
    "NathanaelW19",
    "stbaiX"
  ],
  "log": "|j|\u2606NathanaelW19\n|j|\u2606stbaiX\n|t:|1776167592\n|gametype|doubles\n|player|p1|NathanaelW19|dragontamer|1208\n|player|p2|stbaiX|janitor|1211\n|gen|9\n|tier|[Gen 9 Champions] VGC 2026 Reg M-A\n|rated|\n|rule|Species Clause: Limit one of each Pok\u00e9mon\n|rule|Item Clause: Limit 1 of each item\n|clearpoke\n|poke|p1|Excadrill, L50, F|\n|poke|p1|Tyranitar, L50, F|\n|poke|p1|Scizor, L50, M|\n|poke|p1|Kommo-o, L50, M|\n|poke|p1|Aerodactyl, L50, M|\n|poke|p1|Meganium, L50, F|\n|poke|p2|Tyranitar, L50, F|\n|poke|p2|Excadrill, L50, M|\n|poke|p2|Aerodactyl, L50, M|\n|poke|p2|Rotom-Wash, L50|\n|poke|p2|Milotic, L50, F|\n|poke|p2|Meganium, L50, M|\n|teampreview|4\n|inactive|Battle timer is ON: inactive players will automatically lose when time's up. (requested by stbaiX)\n|inactive|NathanaelW19 also wants the timer to be on.\n|c|\u2606NathanaelW19|Glhf\n|c|\u2606stbaiX|thx u2\n|inactive|NathanaelW19 has 60 seconds left.\n|j| future wolfey 28\n|\n|t:|1776167639\n|teamsize|p1|4\n|teamsize|p2|4\n|start\n|switch|p1a: Aerodactyl|Aerodactyl, L50, M|100/100\n|switch|p1b: Excadrill|Excadrill, L50, F, shiny|100/100\n|switch|p2a: Rotom|Rotom-Wash, L50|100/100\n|switch|p2b: Excadrill|Excadrill, L50, M|100/100\n|-ability|p1a: Aerodactyl|Unnerve\n|-ability|p1b: Excadrill|Mold Breaker\n|turn|1\n|\n|t:|1776167660\n|move|p2b: Excadrill|Protect|p2b: Excadrill\n|-singleturn|p2b: Excadrill|Protect\n|move|p1b: Excadrill|High Horsepower|p2a: Rotom\n|-supereffective|p2a: Rotom|1\n|-damage|p2a: Rotom|0 fnt\n|faint|p2a: Rotom\n|move|p1a: Aerodactyl|Tailwind|p1a: Aerodactyl\n|-sidestart|p1: NathanaelW19|move: Tailwind\n|\n|upkeep\n|\n|t:|1776167667\n|switch|p2a: Meganium|Meganium, L50, M|100/100\n|turn|2\n|\n|t:|1776167680\n|detailschange|p2a: Meganium|Meganium-Mega, L50, M\n|-mega|p2a: Meganium|Meganium|Meganiumite\n|move|p1b: Excadrill|High Horsepower|p2b: Excadrill\n|-supereffective|p2b: Excadrill|1\n|-damage|p2b: Excadrill|0 fnt\n|faint|p2b: Excadrill\n|move|p1a: Aerodactyl|Dual Wingbeat|p2a: Meganium\n|-supereffective|p2a: Meganium|1\n|-damage|p2a: Meganium|64/100\n|-supereffective|p2a: Meganium|1\n|-damage|p2a: Meganium|34/100\n|-hitcount|p2a: Meganium|2\n|move|p2a: Meganium|Earth Power|p1b: Excadrill\n|-supereffective|p1b: Excadrill|1\n|-damage|p1b: Excadrill|0 fnt\n|faint|p1b: Excadrill\n|\n|upkeep\n|l|\u2606stbaiX\n|inactive|stbaiX disconnected and has a minute to reconnect!\n|player|p2|\n|j|\u2606stbaiX\n|inactive|stbaiX reconnected and has 35 seconds left.\n|player|p2|stbaiX|janitor|\n|inactive|stbaiX has 30 seconds left.\n|\n|t:|1776167706\n|switch|p1b: Meganium|Meganium, L50, F|100/100\n|switch|p2b: Tyranitar|Tyranitar, L50, F|100/100\n|-weather|Sandstorm|[from] ability: Sand Stream|[of] p2b: Tyranitar\n|turn|3\n|\n|t:|1776167717\n|detailschange|p1b: Meganium|Meganium-Mega, L50, F\n|-mega|p1b: Meganium|Meganium|Meganiumite\n|move|p2a: Meganium|Protect|p2a: Meganium\n|-singleturn|p2a: Meganium|Protect\n|move|p1a: Aerodactyl|Dual Wingbeat|p2a: Meganium\n|-activate|p2a: Meganium|move: Protect\n|move|p1b: Meganium|Solar Beam||[still]\n|-prepare|p1b: Meganium|Solar Beam\n|-activate|p1b: Meganium|ability: Mega Sol\n|-anim|p1b: Meganium|Solar Beam|p2b: Tyranitar\n|-supereffective|p2b: Tyranitar|1\n|-damage|p2b: Tyranitar|0 fnt\n|faint|p2b: Tyranitar\n|\n|-weather|Sandstorm|[upkeep]\n|-damage|p1b: Meganium|95/100|[from] Sandstorm\n|-damage|p2a: Meganium|28/100|[from] Sandstorm\n|upkeep\n|turn|4\n|-message|stbaiX forfeited.\n|\n|win|NathanaelW19\n|raw|NathanaelW19's rating: 1208 &rarr; <strong>1233</strong><br />(+25 for winning)\n|raw|stbaiX's rating: 1211 &rarr; <strong>1186</strong><br />(-25 for losing)\n|l|\u2606stbaiX\n|player|p2|\n",
  "uploadtime": 1776167744,
  "views": 18,
  "formatid": "gen9championsvgc2026regma",
  "rating": 1186,
  "private": 0,
  "password": null
}