{
  "id": "gen9championsvgc2026regma-2583915008",
  "format": "[Gen 9 Champions] VGC 2026 Reg M-A",
  "players": [
    "h2obama",
    "Test2ng"
  ],
  "log": "|j|\u2606h2obama\n|j|\u2606Test2ng\n|t:|1776207918\n|gametype|doubles\n|player|p1|h2obama|170|1187\n|player|p2|Test2ng|2|1184\n|gen|9\n|tier|[Gen 9 Champions] VGC 2026 Reg M-A\n|rated|\n|rule|Species Clause: Limit one of each Pok\u00e9mon\n|rule|Item Clause: Limit 1 of each item\n|clearpoke\n|poke|p1|Scovillain, L50, F|\n|poke|p1|Tyranitar, L50, M|\n|poke|p1|Aegislash, L50, M|\n|poke|p1|Milotic, L50, M|\n|poke|p1|Aerodactyl, L50, F|\n|poke|p1|Garchomp, L50, M|\n|poke|p2|Froslass, L50, F|\n|poke|p2|Garchomp, L50, M|\n|poke|p2|Gyarados, L50, M|\n|poke|p2|Incineroar, L50, F|\n|poke|p2|Orthworm, L50, F|\n|poke|p2|Rotom-Frost, L50|\n|teampreview|4\n|inactive|Battle timer is ON: inactive players will automatically lose when time's up. (requested by Test2ng)\n|inactive|h2obama has 60 seconds left.\n|\n|t:|1776207964\n|teamsize|p1|4\n|teamsize|p2|4\n|start\n|switch|p1a: Milotic|Milotic, L50, M|100/100\n|switch|p1b: Scovillain|Scovillain, L50, F|100/100\n|switch|p2a: Garchomp|Garchomp, L50, M|100/100\n|switch|p2b: Incineroar|Incineroar, L50, F|100/100\n|-ability|p2b: Incineroar|Intimidate|boost\n|-unboost|p1a: Milotic|atk|1\n|-ability|p1a: Milotic|Competitive|boost\n|-boost|p1a: Milotic|spa|2\n|-unboost|p1b: Scovillain|atk|1\n|turn|1\n|inactive|Test2ng has 30 seconds left.\n|inactive|Test2ng has 20 seconds left.\n|\n|t:|1776207999\n|detailschange|p1b: Scovillain|Scovillain-Mega, L50, F\n|-mega|p1b: Scovillain|Scovillain|Scovillainite\n|move|p1a: Milotic|Protect|p1a: Milotic\n|-singleturn|p1a: Milotic|Protect\n|move|p2b: Incineroar|Fake Out|p1a: Milotic\n|-activate|p1a: Milotic|move: Protect\n|move|p2a: Garchomp|Rock Slide|p1a: Milotic|[spread] p1b\n|-activate|p1a: Milotic|move: Protect\n|-supereffective|p1b: Scovillain|1\n|-damage|p1b: Scovillain|69/100\n|-status|p2a: Garchomp|brn|[from] ability: Spicy Spray|[of] p1b: Scovillain\n|move|p1b: Scovillain|Giga Drain|p2a: Garchomp\n|-damage|p2a: Garchomp|66/100 brn\n|-heal|p1b: Scovillain|88/100|[from] drain|[of] p2a: Garchomp\n|\n|-damage|p2a: Garchomp|60/100 brn|[from] brn\n|upkeep\n|turn|2\n|-message|Test2ng forfeited.\n|\n|win|h2obama\n|raw|h2obama's rating: 1187 &rarr; <strong>1212</strong><br />(+25 for winning)\n|raw|Test2ng's rating: 1184 &rarr; <strong>1159</strong><br />(-25 for losing)\n|l|\u2606Test2ng\n|player|p2|\n",
  "uploadtime": 1776208019,
  "views": 29,
  "formatid": "gen9championsvgc2026regma",
  "rating": 1159,
  "private": 0,
  "password": null
}