{
  "id": "gen9championsvgc2026regma-2581330395",
  "format": "[Gen 9 Champions] VGC 2026 Reg M-A",
  "players": [
    "jorginocoke",
    "radoovak"
  ],
  "log": "|j|\u2606jorginocoke\n|j|\u2606radoovak\n|t:|1775987571\n|gametype|doubles\n|player|p1|jorginocoke|101|1349\n|player|p2|radoovak|steven|1465\n|gen|9\n|tier|[Gen 9 Champions] VGC 2026 Reg M-A\n|rated|\n|rule|Species Clause: Limit one of each Pok\u00e9mon\n|rule|Item Clause: Limit 1 of each item\n|clearpoke\n|poke|p1|Mimikyu, L50, M|\n|poke|p1|Crabominable, L50, M|\n|poke|p1|Kingambit, L50, M|\n|poke|p1|Drampa, L50, M|\n|poke|p1|Chandelure, L50, M|\n|poke|p1|Mudsdale, L50, M|\n|poke|p2|Gengar, L50, M|\n|poke|p2|Sneasler, L50, M|\n|poke|p2|Incineroar, L50, F|\n|poke|p2|Whimsicott, L50, F|\n|poke|p2|Hydreigon, L50, F|\n|poke|p2|Palafin, L50, M|\n|teampreview|4\n|inactive|Battle timer is ON: inactive players will automatically lose when time's up. (requested by radoovak)\n|j| KOPLUS\n|inactive|jorginocoke has 60 seconds left.\n|j| Glaceon0404\n|l| Glaceon0404\n|\n|t:|1775987626\n|teamsize|p1|4\n|teamsize|p2|4\n|start\n|switch|p1a: Mimikyu|Mimikyu, L50, M|100/100\n|switch|p1b: Crabominable|Crabominable, L50, M|100/100\n|switch|p2a: Palafin|Palafin, L50, M|100/100\n|switch|p2b: Sneasler|Sneasler, L50, M|100/100\n|turn|1\n|\n|t:|1775987646\n|detailschange|p2a: Palafin|Palafin-Hero, L50, M\n|switch|p2a: Incineroar|Incineroar, L50, F|100/100\n|-ability|p2a: Incineroar|Intimidate|boost\n|-unboost|p1a: Mimikyu|atk|1\n|-fail|p1b: Crabominable|unboost|Attack|[from] ability: Hyper Cutter|[of] p1b: Crabominable\n|move|p1b: Crabominable|Protect|p1b: Crabominable\n|-singleturn|p1b: Crabominable|Protect\n|move|p2b: Sneasler|Dire Claw|p1a: Mimikyu\n|-activate|p1a: Mimikyu|ability: Disguise\n|-damage|p1a: Mimikyu|100/100\n|-status|p1a: Mimikyu|slp\n|detailschange|p1a: Mimikyu|Mimikyu-Busted, L50, M\n|-damage|p1a: Mimikyu|89/100 slp|[from] pokemon: Mimikyu-Busted\n|cant|p1a: Mimikyu|slp\n|\n|upkeep\n|turn|2\n|j| HappyLiga\n|\n|t:|1775987666\n|detailschange|p1b: Crabominable|Crabominable-Mega, L50, M\n|-mega|p1b: Crabominable|Crabominable|Crabominite\n|move|p2b: Sneasler|Close Combat|p1b: Crabominable\n|-supereffective|p1b: Crabominable|1\n|-damage|p1b: Crabominable|14/100\n|-unboost|p2b: Sneasler|def|1\n|-unboost|p2b: Sneasler|spd|1\n|-enditem|p2b: Sneasler|White Herb\n|-clearnegativeboost|p2b: Sneasler|[silent]\n|cant|p1a: Mimikyu|slp\n|move|p2a: Incineroar|Darkest Lariat|p1b: Crabominable\n|-resisted|p1b: Crabominable|1\n|-damage|p1b: Crabominable|1/100\n|move|p1b: Crabominable|Close Combat|p2a: Incineroar\n|-supereffective|p2a: Incineroar|1\n|-damage|p2a: Incineroar|0 fnt\n|-unboost|p1b: Crabominable|def|1\n|-unboost|p1b: Crabominable|spd|1\n|faint|p2a: Incineroar\n|\n|upkeep\n|\n|t:|1775987682\n|switch|p2a: Palafin|Palafin-Hero, L50, M|100/100\n|-activate|p2a: Palafin|ability: Zero to Hero\n|turn|3\n|\n|t:|1775987688\n|move|p1b: Crabominable|Protect|p1b: Crabominable\n|-singleturn|p1b: Crabominable|Protect\n|move|p2b: Sneasler|Dire Claw|p1b: Crabominable\n|-activate|p1b: Crabominable|move: Protect\n|move|p2a: Palafin|Wave Crash|p1a: Mimikyu\n|-damage|p1a: Mimikyu|0 fnt\n|faint|p1a: Mimikyu\n|-damage|p2a: Palafin|77/100|[from] Recoil\n|\n|upkeep\n|\n|t:|1775987706\n|switch|p1a: Drampa|Drampa, L50, M|100/100\n|-ability|p1a: Drampa|Cloud Nine\n|turn|4\n|\n|t:|1775987717\n|move|p2b: Sneasler|Close Combat|p1a: Drampa\n|-supereffective|p1a: Drampa|1\n|-damage|p1a: Drampa|0 fnt\n|-unboost|p2b: Sneasler|def|1\n|-unboost|p2b: Sneasler|spd|1\n|faint|p1a: Drampa\n|move|p2a: Palafin|Drain Punch|p1b: Crabominable\n|-supereffective|p1b: Crabominable|1\n|-damage|p1b: Crabominable|0 fnt\n|-heal|p2a: Palafin|78/100|[from] drain|[of] p1b: Crabominable\n|faint|p1b: Crabominable\n|\n|upkeep\n|j| gE1xjZRtuhW2DdT0AK\n|-message|jorginocoke forfeited.\n|\n|win|radoovak\n|raw|jorginocoke's rating: 1349 &rarr; <strong>1335</strong><br />(-14 for losing)\n|raw|radoovak's rating: 1465 &rarr; <strong>1479</strong><br />(+14 for winning)\n|l|\u2606jorginocoke\n|player|p1|\n|l| HappyLiga\n|c|\u2606radoovak|gg\n|l|\u2606radoovak\n|player|p2|\n|l| KOPLUS\n|j| KOPLUS\n|l| KOPLUS\n",
  "uploadtime": 1775988239,
  "views": 39,
  "formatid": "gen9championsvgc2026regma",
  "rating": 1335,
  "private": 0,
  "password": null
}