{
  "id": "gen9championsvgc2026regma-2588705908",
  "format": "[Gen 9 Champions] VGC 2026 Reg M-A",
  "players": [
    "MitskiLover007",
    "Snipado"
  ],
  "log": "|j|\u2606MitskiLover007\n|j|\u2606Snipado\n|t:|1776659982\n|gametype|doubles\n|player|p1|MitskiLover007|1|1066\n|player|p2|Snipado|hiker-gen4|1088\n|gen|9\n|tier|[Gen 9 Champions] VGC 2026 Reg M-A\n|rated|\n|rule|Species Clause: Limit one of each Pok\u00e9mon\n|rule|Item Clause: Limit 1 of each item\n|clearpoke\n|poke|p1|Floette-Eternal, L50, F, shiny|\n|poke|p1|Whimsicott, L50, M|\n|poke|p1|Primarina, L50, M, shiny|\n|poke|p1|Sinistcha-Masterpiece, L50|\n|poke|p1|Garchomp, L50, F|\n|poke|p1|Ninetales-Alola, L50, F|\n|poke|p2|Gardevoir, L50, F, shiny|\n|poke|p2|Garchomp, L50, M|\n|poke|p2|Kingambit, L50, M|\n|poke|p2|Basculegion, L50, M|\n|poke|p2|Maushold-Four, L50|\n|poke|p2|Talonflame, L50, M|\n|teampreview|4\n|l|\u2606MitskiLover007\n|player|p1|\n|j|\u2606MitskiLover007\n|player|p1|MitskiLover007|1|\n|\n|t:|1776660017\n|teamsize|p1|4\n|teamsize|p2|4\n|start\n|switch|p1a: Floette|Floette-Eternal, L50, F, shiny|100/100\n|switch|p1b: Ninetales|Ninetales-Alola, L50, F|100/100\n|switch|p2a: Maushold|Maushold-Four, L50|100/100\n|switch|p2b: Talonflame|Talonflame, L50, M|100/100\n|-weather|Snowscape|[from] ability: Snow Warning|[of] p1b: Ninetales\n|turn|1\n|\n|t:|1776660043\n|detailschange|p1a: Floette|Floette-Mega, L50, F, shiny\n|-mega|p1a: Floette|Floette|Floettite\n|-ability|p1a: Floette|Fairy Aura\n|move|p2b: Talonflame|Overheat|p1b: Ninetales\n|-supereffective|p1b: Ninetales|1\n|-damage|p1b: Ninetales|36/100\n|-unboost|p2b: Talonflame|spa|2\n|-enditem|p2b: Talonflame|White Herb\n|-clearnegativeboost|p2b: Talonflame|[silent]\n|move|p2a: Maushold|Taunt|p1b: Ninetales\n|-start|p1b: Ninetales|move: Taunt\n|move|p1a: Floette|Moonblast|p2a: Maushold\n|-damage|p2a: Maushold|4/100\n|cant|p1b: Ninetales|move: Taunt|Encore\n|\n|-weather|Snowscape|[upkeep]\n|upkeep\n|turn|2\n|\n|t:|1776660079\n|switch|p1b: Primarina|Primarina, L50, M, shiny|100/100\n|move|p2b: Talonflame|Acrobatics|p1b: Primarina\n|-damage|p1b: Primarina|51/100\n|move|p2a: Maushold|Super Fang|p1a: Floette\n|-damage|p1a: Floette|51/100\n|move|p1a: Floette|Moonblast|p2a: Maushold\n|-damage|p2a: Maushold|0 fnt\n|faint|p2a: Maushold\n|\n|-weather|Snowscape|[upkeep]\n|upkeep\n|\n|t:|1776660094\n|switch|p2a: Gardevoir|Gardevoir, L50, F, shiny|100/100\n|turn|3\n|\n|t:|1776660106\n|detailschange|p2a: Gardevoir|Gardevoir-Mega, L50, F, shiny\n|-mega|p2a: Gardevoir|Gardevoir|Gardevoirite\n|move|p2b: Talonflame|Tailwind|p2b: Talonflame\n|-sidestart|p2: Snipado|move: Tailwind\n|move|p2a: Gardevoir|Hyper Voice|p1a: Floette|[spread] p1a,p1b\n|-damage|p1a: Floette|0 fnt\n|-damage|p1b: Primarina|0 fnt\n|faint|p1a: Floette\n|faint|p1b: Primarina\n|\n|-weather|Snowscape|[upkeep]\n|upkeep\n|\n|t:|1776660116\n|switch|p1a: Garchomp|Garchomp, L50, F|100/100\n|switch|p1b: Ninetales|Ninetales-Alola, L50, F|36/100\n|turn|4\n|-message|MitskiLover007 forfeited.\n|\n|win|Snipado\n|raw|MitskiLover007's rating: 1066 &rarr; <strong>1047</strong><br />(-19 for losing)\n|raw|Snipado's rating: 1088 &rarr; <strong>1113</strong><br />(+25 for winning)\n|l|\u2606MitskiLover007\n|player|p1|\n",
  "uploadtime": 1776661187,
  "views": 6,
  "formatid": "gen9championsvgc2026regma",
  "rating": 1047,
  "private": 0,
  "password": null
}