{
  "id": "gen9championsvgc2026regma-2583059984",
  "format": "[Gen 9 Champions] VGC 2026 Reg M-A",
  "players": [
    "ihav0imag1nation",
    "Ginesect"
  ],
  "log": "|j|\u2606ihav0imag1nation\n|j|\u2606Ginesect\n|t:|1776137660\n|gametype|doubles\n|player|p1|ihav0imag1nation|169|1143\n|player|p2|Ginesect|gambler|1177\n|gen|9\n|tier|[Gen 9 Champions] VGC 2026 Reg M-A\n|rated|\n|rule|Species Clause: Limit one of each Pok\u00e9mon\n|rule|Item Clause: Limit 1 of each item\n|clearpoke\n|poke|p1|Crabominable, L50, M|\n|poke|p1|Oranguru, L50, F|\n|poke|p1|Incineroar, L50, M|\n|poke|p1|Hatterene, L50, F|\n|poke|p1|Kingambit, L50, F|\n|poke|p1|Sinistcha, L50|\n|poke|p2|Delphox, L50, F|\n|poke|p2|Sneasler, L50, M|\n|poke|p2|Basculegion, L50, M|\n|poke|p2|Garchomp, L50, F|\n|poke|p2|Kingambit, L50, F|\n|poke|p2|Aerodactyl, L50, M|\n|teampreview|4\n|inactive|Battle timer is ON: inactive players will automatically lose when time's up. (requested by ihav0imag1nation)\n|\n|t:|1776137694\n|teamsize|p1|4\n|teamsize|p2|4\n|start\n|switch|p1a: Incineroar|Incineroar, L50, M|100/100\n|switch|p1b: Oranguru|Oranguru, L50, F|100/100\n|switch|p2a: Sneasler|Sneasler, L50, M|100/100\n|switch|p2b: Kingambit|Kingambit, L50, F|100/100\n|-ability|p1a: Incineroar|Intimidate|boost\n|-unboost|p2a: Sneasler|atk|1\n|-unboost|p2b: Kingambit|atk|1\n|-ability|p2b: Kingambit|Defiant|boost\n|-boost|p2b: Kingambit|atk|2\n|-enditem|p2a: Sneasler|White Herb\n|-clearnegativeboost|p2a: Sneasler|[silent]\n|turn|1\n|\n|t:|1776137711\n|move|p2a: Sneasler|Fake Out|p1a: Incineroar\n|-crit|p1a: Incineroar\n|-damage|p1a: Incineroar|83/100\n|cant|p1a: Incineroar|flinch\n|move|p2b: Kingambit|Kowtow Cleave|p1b: Oranguru\n|-supereffective|p1b: Oranguru|1\n|-damage|p1b: Oranguru|0 fnt\n|faint|p1b: Oranguru\n|\n|-heal|p1a: Incineroar|89/100|[from] item: Leftovers\n|upkeep\n|\n|t:|1776137723\n|switch|p1b: Crabominable|Crabominable, L50, M|100/100\n|turn|2\n|\n|t:|1776137746\n|detailschange|p1b: Crabominable|Crabominable-Mega, L50, M\n|-mega|p1b: Crabominable|Crabominable|Crabominite\n|move|p2a: Sneasler|Close Combat|p1a: Incineroar\n|-supereffective|p1a: Incineroar|1\n|-damage|p1a: Incineroar|0 fnt\n|-unboost|p2a: Sneasler|def|1\n|-unboost|p2a: Sneasler|spd|1\n|faint|p1a: Incineroar\n|move|p2b: Kingambit|Low Kick|p1b: Crabominable\n|-supereffective|p1b: Crabominable|1\n|-damage|p1b: Crabominable|16/100\n|move|p1b: Crabominable|Ice Hammer|p2a: Sneasler\n|-damage|p2a: Sneasler|0 fnt\n|-unboost|p1b: Crabominable|spe|1\n|faint|p2a: Sneasler\n|\n|upkeep\n|\n|t:|1776137762\n|switch|p2a: Delphox|Delphox, L50, F|100/100\n|switch|p1a: Hatterene|Hatterene, L50, F|100/100\n|turn|3\n|-message|ihav0imag1nation forfeited.\n|\n|win|Ginesect\n|raw|ihav0imag1nation's rating: 1143 &rarr; <strong>1120</strong><br />(-23 for losing)\n|raw|Ginesect's rating: 1177 &rarr; <strong>1200</strong><br />(+23 for winning)\n|l|\u2606ihav0imag1nation\n|player|p1|\n",
  "uploadtime": 1776137769,
  "views": 28,
  "formatid": "gen9championsvgc2026regma",
  "rating": 1120,
  "private": 0,
  "password": null
}