{
  "id": "gen9championsvgc2026regma-2582114918",
  "format": "[Gen 9 Champions] VGC 2026 Reg M-A",
  "players": [
    "loklastaji",
    "luckyhanky"
  ],
  "log": "|j|\u2606loklastaji\n|j|\u2606luckyhanky\n|t:|1776059795\n|gametype|doubles\n|player|p1|loklastaji|265|1251\n|player|p2|luckyhanky|medium-gen2jp|1298\n|gen|9\n|tier|[Gen 9 Champions] VGC 2026 Reg M-A\n|rated|\n|rule|Species Clause: Limit one of each Pok\u00e9mon\n|rule|Item Clause: Limit 1 of each item\n|clearpoke\n|poke|p1|Samurott-Hisui, L50, M|\n|poke|p1|Mamoswine, L50, F|\n|poke|p1|Delphox, L50, F|\n|poke|p1|Tsareena, L50, F|\n|poke|p1|Corviknight, L50, M|\n|poke|p1|Altaria, L50, F|\n|poke|p2|Garchomp, L50, M|\n|poke|p2|Tyranitar, L50, F|\n|poke|p2|Gardevoir, L50, M|\n|poke|p2|Whimsicott, L50, M|\n|poke|p2|Sneasler, L50, F|\n|poke|p2|Basculegion, L50, M|\n|teampreview|4\n|inactive|Battle timer is ON: inactive players will automatically lose when time's up. (requested by luckyhanky)\n|inactive|luckyhanky has 60 seconds left.\n|\n|t:|1776059828\n|teamsize|p1|4\n|teamsize|p2|4\n|start\n|switch|p1a: Samurott|Samurott-Hisui, L50, M|100/100\n|switch|p1b: Delphox|Delphox, L50, F|100/100\n|switch|p2a: Basculegion|Basculegion, L50, M|100/100\n|switch|p2b: Gardevoir|Gardevoir, L50, M|100/100\n|-ability|p2b: Gardevoir|Sharpness|Trace|[from] ability: Trace|[of] p1a: Samurott\n|turn|1\n|inactive|loklastaji has 30 seconds left.\n|inactive|loklastaji has 20 seconds left.\n|inactive|loklastaji has 15 seconds left.\n|\n|t:|1776059872\n|detailschange|p2b: Gardevoir|Gardevoir-Mega, L50, M\n|-mega|p2b: Gardevoir|Gardevoir|Gardevoirite\n|move|p1b: Delphox|Protect|p1b: Delphox\n|-singleturn|p1b: Delphox|Protect\n|move|p1a: Samurott|Sucker Punch|p2a: Basculegion\n|-supereffective|p2a: Basculegion|1\n|-damage|p2a: Basculegion|14/100\n|move|p2a: Basculegion|Wave Crash|p1b: Delphox\n|-activate|p1b: Delphox|move: Protect\n|move|p2b: Gardevoir|Hyper Voice|p1b: Delphox|[spread] p1a\n|-activate|p1b: Delphox|move: Protect\n|-supereffective|p1a: Samurott|1\n|-damage|p1a: Samurott|0 fnt\n|faint|p1a: Samurott\n|\n|upkeep\n|\n|t:|1776059897\n|switch|p1a: Altaria|Altaria, L50, F|100/100\n|-ability|p1a: Altaria|Cloud Nine\n|turn|2\n|\n|t:|1776059919\n|detailschange|p1b: Delphox|Delphox-Mega, L50, F\n|-mega|p1b: Delphox|Delphox|Delphoxite\n|move|p1a: Altaria|Protect|p1a: Altaria\n|-singleturn|p1a: Altaria|Protect\n|move|p2a: Basculegion|Wave Crash|p1b: Delphox\n|-supereffective|p1b: Delphox|1\n|-damage|p1b: Delphox|0 fnt\n|faint|p1b: Delphox\n|-damage|p2a: Basculegion|0 fnt|[from] Recoil\n|faint|p2a: Basculegion\n|move|p2b: Gardevoir|Hyper Voice|p1a: Altaria\n|-activate|p1a: Altaria|move: Protect\n|\n|upkeep\n|\n|t:|1776059933\n|switch|p1b: Tsareena|Tsareena, L50, F|100/100\n|switch|p2a: Sneasler|Sneasler, L50, F|100/100\n|turn|3\n|\n|t:|1776059948\n|move|p2a: Sneasler|Gunk Shot|p1b: Tsareena\n|-supereffective|p1b: Tsareena|1\n|-enditem|p1b: Tsareena|Focus Sash\n|-damage|p1b: Tsareena|1/100\n|move|p2b: Gardevoir|Hyper Voice|p1a: Altaria|[spread] p1a,p1b\n|-supereffective|p1a: Altaria|1\n|-damage|p1a: Altaria|0 fnt\n|-damage|p1b: Tsareena|0 fnt\n|faint|p1a: Altaria\n|faint|p1b: Tsareena\n|\n|win|luckyhanky\n|raw|loklastaji's rating: 1232 &rarr; <strong>1212</strong><br />(-20 for losing)\n|raw|luckyhanky's rating: 1298 &rarr; <strong>1318</strong><br />(+20 for winning)\n|l|\u2606luckyhanky\n|player|p2|\n",
  "uploadtime": 1776059958,
  "views": 17,
  "formatid": "gen9championsvgc2026regma",
  "rating": 1212,
  "private": 0,
  "password": null
}