{
  "id": "gen9championsvgc2026regma-2583481929",
  "format": "[Gen 9 Champions] VGC 2026 Reg M-A",
  "players": [
    "artturzini",
    "torrmentor20"
  ],
  "log": "|j|\u2606artturzini\n|j|\u2606torrmentor20\n|t:|1776178434\n|gametype|doubles\n|player|p1|artturzini|n|1040\n|player|p2|torrmentor20|volo|1069\n|gen|9\n|tier|[Gen 9 Champions] VGC 2026 Reg M-A\n|rated|\n|rule|Species Clause: Limit one of each Pok\u00e9mon\n|rule|Item Clause: Limit 1 of each item\n|clearpoke\n|poke|p1|Spiritomb, L50, M|\n|poke|p1|Froslass, L50, F|\n|poke|p1|Glaceon, L50, F|\n|poke|p1|Aerodactyl, L50, F|\n|poke|p1|Milotic, L50, F|\n|poke|p1|Garchomp, L50, M|\n|poke|p2|Blastoise, L50, M|\n|poke|p2|Whimsicott, L50, M|\n|poke|p2|Kingambit, L50, M|\n|poke|p2|Maushold, L50|\n|poke|p2|Pelipper, L50, F|\n|poke|p2|Dragonite, L50, F|\n|teampreview|4\n|inactive|Battle timer is ON: inactive players will automatically lose when time's up. (requested by torrmentor20)\n|\n|t:|1776178447\n|teamsize|p1|4\n|teamsize|p2|4\n|start\n|switch|p1a: Froslass|Froslass, L50, F|100/100\n|switch|p1b: Milotic|Milotic, L50, F|100/100\n|switch|p2a: Whimsicott|Whimsicott, L50, M|100/100\n|switch|p2b: Dragonite|Dragonite, L50, F|100/100\n|turn|1\n|\n|t:|1776178472\n|detailschange|p1a: Froslass|Froslass-Mega, L50, F\n|-mega|p1a: Froslass|Froslass|Froslassite\n|-weather|Snowscape|[from] ability: Snow Warning|[of] p1a: Froslass\n|move|p1a: Froslass|Blizzard|p2b: Dragonite|[spread] p2a,p2b\n|-supereffective|p2a: Whimsicott|1\n|-supereffective|p2b: Dragonite|2\n|-enditem|p2a: Whimsicott|Focus Sash\n|-damage|p2a: Whimsicott|1/100\n|-damage|p2b: Dragonite|24/100\n|move|p2a: Whimsicott|Energy Ball|p1b: Milotic\n|-supereffective|p1b: Milotic|1\n|-damage|p1b: Milotic|57/100\n|-unboost|p1b: Milotic|spd|1\n|-ability|p1b: Milotic|Competitive|boost\n|-boost|p1b: Milotic|spa|2\n|move|p2b: Dragonite|Dragon Dance|p2b: Dragonite\n|-boost|p2b: Dragonite|atk|1\n|-boost|p2b: Dragonite|spe|1\n|move|p1b: Milotic|Draining Kiss|p2b: Dragonite\n|-supereffective|p2b: Dragonite|1\n|-damage|p2b: Dragonite|0 fnt\n|-heal|p1b: Milotic|78/100|[from] drain|[of] p2b: Dragonite\n|faint|p2b: Dragonite\n|\n|-weather|Snowscape|[upkeep]\n|upkeep\n|\n|t:|1776178495\n|switch|p2b: Maushold|Maushold, L50|100/100\n|turn|2\n|\n|t:|1776178506\n|move|p1a: Froslass|Blizzard|p2b: Maushold|[spread] p2a,p2b\n|-supereffective|p2a: Whimsicott|1\n|-damage|p2a: Whimsicott|0 fnt\n|-damage|p2b: Maushold|44/100\n|faint|p2a: Whimsicott\n|move|p2b: Maushold|Rain Dance|p2b: Maushold\n|-weather|RainDance\n|move|p1b: Milotic|Surf|p2b: Maushold|[spread] p1a,p2b\n|-damage|p1a: Froslass|0 fnt\n|-damage|p2b: Maushold|0 fnt\n|faint|p1a: Froslass\n|faint|p2b: Maushold\n|\n|-weather|RainDance|[upkeep]\n|upkeep\n|\n|t:|1776178520\n|switch|p1a: Garchomp|Garchomp, L50, M|100/100\n|switch|p2a: Blastoise|Blastoise, L50, M|100/100\n|turn|3\n|\n|t:|1776178532\n|detailschange|p2a: Blastoise|Blastoise-Mega, L50, M\n|-mega|p2a: Blastoise|Blastoise|Blastoisinite\n|move|p1a: Garchomp|Dragon Claw|p2a: Blastoise\n|-damage|p2a: Blastoise|58/100\n|move|p2a: Blastoise|Dragon Pulse|p1a: Garchomp\n|-supereffective|p1a: Garchomp|1\n|-enditem|p1a: Garchomp|Focus Sash\n|-damage|p1a: Garchomp|1/100\n|move|p1b: Milotic|Draining Kiss|p2a: Blastoise\n|-damage|p2a: Blastoise|30/100\n|-heal|p1b: Milotic|97/100|[from] drain|[of] p2a: Blastoise\n|\n|-weather|RainDance|[upkeep]\n|upkeep\n|turn|4\n|-message|torrmentor20 forfeited.\n|\n|win|artturzini\n|raw|artturzini's rating: 1040 &rarr; <strong>1077</strong><br />(+37 for winning)\n|raw|torrmentor20's rating: 1069 &rarr; <strong>1047</strong><br />(-22 for losing)\n|l|\u2606torrmentor20\n|player|p2|\n",
  "uploadtime": 1776178550,
  "views": 13,
  "formatid": "gen9championsvgc2026regma",
  "rating": 1047,
  "private": 0,
  "password": null
}