{
  "id": "gen9championsvgc2026regma-2581088126",
  "format": "[Gen 9 Champions] VGC 2026 Reg M-A",
  "players": [
    "LyricSum",
    "Phatedfool"
  ],
  "log": "|j|\u2606LyricSum\n|j|\u2606Phatedfool\n|t:|1775958704\n|gametype|doubles\n|player|p1|LyricSum|veteran|\n|player|p2|Phatedfool|cynthia|\n|gen|9\n|tier|[Gen 9 Champions] VGC 2026 Reg M-A\n|rated|Tournament battle\n|rule|Species Clause: Limit one of each Pok\u00e9mon\n|rule|Item Clause: Limit 1 of each item\n|raw|<div class=\"infobox\"><details class=\"readmore\" open><summary><strong>1 custom rule:</strong></summary> Force Open Team Sheets</details></div>\n|clearpoke\n|poke|p1|Chandelure, L50, M|\n|poke|p1|Whimsicott, L50, F|\n|poke|p1|Gallade, L50, M|\n|poke|p1|Rotom-Wash, L50|\n|poke|p1|Glimmora, L50, F|\n|poke|p1|Kingambit, L50, F|\n|poke|p2|Floette-Eternal, L50, F|\n|poke|p2|Meowscarada, L50, F|\n|poke|p2|Garchomp, L50, M|\n|poke|p2|Gyarados, L50, M|\n|poke|p2|Rotom-Heat, L50|\n|poke|p2|Aegislash, L50, M|\n|teampreview|4\n|showteam|p1|Chandelure||Chandelurite|FlashFire|HeatWave,ShadowBall,Overheat,Protect|||M|||50|]Whimsicott||FocusSash|Prankster|Tailwind,Moonblast,SunnyDay,Protect|||F|||50|]Gallade||WhiteHerb|Sharpness|SacredSword,PsychoCut,TrickRoom,WideGuard|||M|||50|]Rotom-Wash||SitrusBerry|Levitate|VoltSwitch,HydroPump,WillOWisp,Protect||||||50|]Glimmora||Glimmoranite|ToxicDebris|PowerGem,SludgeBomb,EarthPower,Protect|||F|||50|]Kingambit||BlackGlasses|Defiant|KowtowCleave,SuckerPunch,IronHead,Protect|||F|||50|\n|showteam|p2|Floette-Eternal||Floettite|FlowerVeil|Moonblast,DazzlingGleam,CalmMind,Protect|||F|||50|]Meowscarada||FocusSash|Overgrow|FlowerTrick,KnockOff,SuckerPunch,Protect|||F|||50|]Garchomp||WhiteHerb|RoughSkin|DragonClaw,StompingTantrum,Earthquake,Protect|||M|||50|]Gyarados||SitrusBerry|Intimidate|Waterfall,TemperFlare,ThunderWave,HelpingHand|||M|||50|]Rotom-Heat||Magnet|Levitate|Thunderbolt,Overheat,Electroweb,Protect||||||50|]Aegislash||Leftovers|StanceChange|ShadowBall,CloseCombat,Substitute,KingsShield|||M|||50|\n|inactive|Battle timer is ON: inactive players will automatically lose when time's up. (requested by LyricSum)\n|j| Cookiecrumble123\n|j| mishedngI\n|j| Benv2005\n|inactive|Phatedfool has 60 seconds left.\n|j| TheDragonfire84\n|j| TaxiCAB2\n|\n|t:|1775958752\n|teamsize|p1|4\n|teamsize|p2|4\n|start\n|switch|p1a: Whimsicott|Whimsicott, L50, F|100/100\n|switch|p1b: Glimmora|Glimmora, L50, F|100/100\n|switch|p2a: Garchomp|Garchomp, L50, M|100/100\n|switch|p2b: Rotom|Rotom-Heat, L50|100/100\n|turn|1\n|j|@Radio Free C-Side\n|j| biludbiludbilud\n|\n|t:|1775958777\n|move|p1b: Glimmora|Protect|p1b: Glimmora\n|-singleturn|p1b: Glimmora|Protect\n|move|p1a: Whimsicott|Moonblast|p2a: Garchomp\n|-supereffective|p2a: Garchomp|1\n|-damage|p2a: Garchomp|23/100\n|move|p2a: Garchomp|Earthquake|p1a: Whimsicott|[spread] p1a\n|-activate|p1b: Glimmora|move: Protect\n|-immune|p2b: Rotom|[from] ability: Levitate\n|-resisted|p1a: Whimsicott|1\n|-damage|p1a: Whimsicott|72/100\n|move|p2b: Rotom|Thunderbolt|p1b: Glimmora\n|-activate|p1b: Glimmora|move: Protect\n|\n|upkeep\n|turn|2\n|j| sgrace\n|j| Carrielis\n|inactive|Phatedfool has 30 seconds left.\n|c|\u2606Phatedfool|im cooked\n|inactive|Phatedfool has 20 seconds left.\n|\n|t:|1775958813\n|detailschange|p1b: Glimmora|Glimmora-Mega, L50, F\n|-mega|p1b: Glimmora|Glimmora|Glimmoranite\n|move|p2a: Garchomp|Protect|p2a: Garchomp\n|-singleturn|p2a: Garchomp|Protect\n|move|p1a: Whimsicott|Moonblast|p2a: Garchomp\n|-activate|p2a: Garchomp|move: Protect\n|move|p1b: Glimmora|Power Gem|p2b: Rotom\n|-supereffective|p2b: Rotom|1\n|-damage|p2b: Rotom|0 fnt\n|faint|p2b: Rotom\n|\n|upkeep\n|c| mishedngI|Hi cooked\n|j|@Borghi\n|c|\u2606Phatedfool|oh im super cooked\n|\n|t:|1775958825\n|switch|p2b: Floette|Floette-Eternal, L50, F|100/100\n|turn|3\n|c|@Radio Free C-Side|just choose not to be cooked\n|c|\u2606Phatedfool|true\n|c|\u2606LyricSum|rotom got to you?\n|\n|t:|1775958852\n|switch|p2b: Meowscarada|Meowscarada, L50, F|100/100\n|move|p1a: Whimsicott|Moonblast|p2a: Garchomp\n|-supereffective|p2a: Garchomp|1\n|-damage|p2a: Garchomp|0 fnt\n|faint|p2a: Garchomp\n|move|p1b: Glimmora|Sludge Bomb|p2b: Meowscarada\n|-supereffective|p2b: Meowscarada|1\n|-enditem|p2b: Meowscarada|Focus Sash\n|-damage|p2b: Meowscarada|1/100\n|\n|upkeep\n|c| mishedngI|mega glim winning a tour...\n|c|\u2606Phatedfool|gsg\n|\n|t:|1775958863\n|switch|p2a: Floette|Floette-Eternal, L50, F|100/100\n|turn|4\n|j| ZaVGC\n|c|\u2606Phatedfool|i threw round 1 lmao went high risk high reward\n|\n|t:|1775958878\n|move|p1a: Whimsicott|Tailwind|p1a: Whimsicott\n|-sidestart|p1: LyricSum|move: Tailwind\n|move|p2b: Meowscarada|Sucker Punch|p1b: Glimmora\n|-damage|p1b: Glimmora|60/100\n|move|p1b: Glimmora|Sludge Bomb|p2a: Floette\n|-supereffective|p2a: Floette|1\n|-damage|p2a: Floette|0 fnt\n|faint|p2a: Floette\n|\n|upkeep\n|turn|5\n|\n|t:|1775958886\n|move|p2b: Meowscarada|Sucker Punch|p1b: Glimmora\n|-damage|p1b: Glimmora|22/100\n|move|p1a: Whimsicott|Moonblast|p2b: Meowscarada\n|-supereffective|p2b: Meowscarada|1\n|-damage|p2b: Meowscarada|0 fnt\n|faint|p2b: Meowscarada\n|\n|win|LyricSum\n|n|\u2606LyricSum|lyricsum\n|n|\u2606Phatedfool|phatedfool\n|n| Cookiecrumble123|cookiecrumble123\n|n| mishedngI|mishedngi\n|n| Benv2005|benv2005\n|n| TheDragonfire84|thedragonfire84\n|n| TaxiCAB2|taxicab2\n|n|+Radio Free C-Side|radiofreecside\n|n| biludbiludbilud|biludbiludbilud\n|n| sgrace|sgrace\n|n| Carrielis|carrielis\n|n| Borghi|borghi\n|n| ZaVGC|zavgc\n|c|\u2606LyricSum|gg\n|l| Cookiecrumble123\n|j| Hailey Welch\n|l|+Radio Free C-Side\n|l| mishedngI\n|l| ZaVGC\n|l| Hailey Welch\n|l| Borghi\n|l|\u2606LyricSum\n|player|p1|\n|j| washedpower\n|l| TaxiCAB2\n|l| Benv2005\n",
  "uploadtime": 1775958886,
  "views": 21,
  "formatid": "gen9championsvgc2026regma",
  "rating": null,
  "private": 0,
  "password": null
}