{
  "id": "gen9championsvgc2026regma-2586227124",
  "format": "[Gen 9 Champions] VGC 2026 Reg M-A",
  "players": [
    "Francy03",
    "MigraineMan"
  ],
  "log": "|j|\u2606Francy03\n|j|\u2606MigraineMan\n|t:|1776414742\n|gametype|doubles\n|player|p1|Francy03|volo|1488\n|player|p2|MigraineMan|170|1536\n|gen|9\n|tier|[Gen 9 Champions] VGC 2026 Reg M-A\n|rated|\n|rule|Species Clause: Limit one of each Pok\u00e9mon\n|rule|Item Clause: Limit 1 of each item\n|clearpoke\n|poke|p1|Meowscarada, L50, M|\n|poke|p1|Corviknight, L50, F|\n|poke|p1|Excadrill, L50, F|\n|poke|p1|Rotom-Wash, L50|\n|poke|p1|Tyranitar, L50, F|\n|poke|p1|Chandelure, L50, M|\n|poke|p2|Talonflame, L50, M|\n|poke|p2|Pelipper, L50, F|\n|poke|p2|Garchomp, L50, F|\n|poke|p2|Basculegion, L50, M|\n|poke|p2|Lycanroc, L50, M|\n|poke|p2|Tyranitar, L50, F|\n|teampreview|4\n|inactive|Battle timer is ON: inactive players will automatically lose when time's up. (requested by Francy03)\n|inactive|Francy03 has 60 seconds left.\n|inactive|MigraineMan has 60 seconds left.\n|\n|t:|1776414785\n|teamsize|p1|4\n|teamsize|p2|4\n|start\n|switch|p1a: Meowscarada|Meowscarada, L50, M|100/100\n|switch|p1b: Corviknight|Corviknight, L50, F|100/100\n|switch|p2a: Lycanroc|Lycanroc, L50, M|100/100\n|switch|p2b: Tyranitar|Tyranitar, L50, F|100/100\n|-weather|Sandstorm|[from] ability: Sand Stream|[of] p2b: Tyranitar\n|turn|1\n|\n|t:|1776414795\n|detailschange|p2b: Tyranitar|Tyranitar-Mega, L50, F\n|-mega|p2b: Tyranitar|Tyranitar|Tyranitarite\n|move|p2a: Lycanroc|Close Combat|p1a: Meowscarada\n|-supereffective|p1a: Meowscarada|1\n|-damage|p1a: Meowscarada|0 fnt\n|-unboost|p2a: Lycanroc|def|1\n|-unboost|p2a: Lycanroc|spd|1\n|faint|p1a: Meowscarada\n|move|p2b: Tyranitar|Rock Slide|p1b: Corviknight\n|-damage|p1b: Corviknight|58/100\n|move|p1b: Corviknight|Tailwind|p1b: Corviknight\n|-sidestart|p1: Francy03|move: Tailwind\n|\n|-weather|Sandstorm|[upkeep]\n|upkeep\n|\n|t:|1776414808\n|switch|p1a: Excadrill|Excadrill, L50, F|100/100\n|turn|2\n|\n|t:|1776414815\n|move|p1a: Excadrill|Iron Head|p2a: Lycanroc\n|-supereffective|p2a: Lycanroc|1\n|-enditem|p2a: Lycanroc|Focus Sash\n|-damage|p2a: Lycanroc|1/100\n|move|p2a: Lycanroc|Close Combat|p1a: Excadrill\n|-supereffective|p1a: Excadrill|1\n|-enditem|p1a: Excadrill|Focus Sash\n|-damage|p1a: Excadrill|1/100\n|-unboost|p2a: Lycanroc|def|1\n|-unboost|p2a: Lycanroc|spd|1\n|move|p1b: Corviknight|Body Press|p2b: Tyranitar\n|-supereffective|p2b: Tyranitar|2\n|-damage|p2b: Tyranitar|30/100\n|move|p2b: Tyranitar|Rock Slide|p1a: Excadrill|[spread] p1a,p1b\n|-resisted|p1a: Excadrill|2\n|-damage|p1a: Excadrill|0 fnt\n|-damage|p1b: Corviknight|28/100\n|faint|p1a: Excadrill\n|\n|-weather|Sandstorm|[upkeep]\n|upkeep\n|\n|t:|1776414829\n|switch|p1a: Rotom|Rotom-Wash, L50|100/100\n|turn|3\n|\n|t:|1776414842\n|move|p2b: Tyranitar|Protect|p2b: Tyranitar\n|-singleturn|p2b: Tyranitar|Protect\n|move|p2a: Lycanroc|Close Combat|p1b: Corviknight\n|-damage|p1b: Corviknight|0 fnt\n|-unboost|p2a: Lycanroc|def|1\n|-unboost|p2a: Lycanroc|spd|1\n|faint|p1b: Corviknight\n|move|p1a: Rotom|Hydro Pump|p2b: Tyranitar\n|-activate|p2b: Tyranitar|move: Protect\n|\n|-weather|Sandstorm|[upkeep]\n|-damage|p1a: Rotom|94/100|[from] Sandstorm\n|upkeep\n|turn|4\n|-message|Francy03 forfeited.\n|\n|win|MigraineMan\n|raw|Francy03's rating: 1488 &rarr; <strong>1471</strong><br />(-17 for losing)\n|raw|MigraineMan's rating: 1536 &rarr; <strong>1553</strong><br />(+17 for winning)\n|l|\u2606Francy03\n|player|p1|\n",
  "uploadtime": 1776414855,
  "views": 59,
  "formatid": "gen9championsvgc2026regma",
  "rating": 1471,
  "private": 0,
  "password": null
}