{
  "id": "gen9championsvgc2026regma-2583093502",
  "format": "[Gen 9 Champions] VGC 2026 Reg M-A",
  "players": [
    "3000 moths",
    "dkapflzksh"
  ],
  "log": "|j|\u26063000 moths\n|j|\u2606dkapflzksh\n|t:|1776141217\n|gametype|doubles\n|player|p1|3000 moths|miku-ghost|1355\n|player|p2|dkapflzksh|scientist-gen4dp|1338\n|gen|9\n|tier|[Gen 9 Champions] VGC 2026 Reg M-A\n|rated|\n|rule|Species Clause: Limit one of each Pok\u00e9mon\n|rule|Item Clause: Limit 1 of each item\n|clearpoke\n|poke|p1|Maushold, L50|\n|poke|p1|Garchomp, L50, M|\n|poke|p1|Incineroar, L50, F|\n|poke|p1|Floette-Eternal, L50, F|\n|poke|p1|Farigiraf, L50, F|\n|poke|p1|Talonflame, L50, F|\n|poke|p2|Pelipper, L50, F|\n|poke|p2|Basculegion, L50, M|\n|poke|p2|Dragonite, L50, F|\n|poke|p2|Archaludon, L50, F|\n|poke|p2|Sableye, L50, F|\n|poke|p2|Incineroar, L50, F|\n|teampreview|4\n|inactive|Battle timer is ON: inactive players will automatically lose when time's up. (requested by 3000 moths)\n|inactive|dkapflzksh has 60 seconds left.\n|\n|t:|1776141251\n|teamsize|p1|4\n|teamsize|p2|4\n|start\n|switch|p1a: Let's Larp|Floette-Eternal, L50, F|100/100\n|switch|p1b: Screaming Child|Maushold, L50|100/100\n|switch|p2a: Pelipper|Pelipper, L50, F, shiny|100/100\n|switch|p2b: Basculegion|Basculegion, L50, M, shiny|100/100\n|-weather|RainDance|[from] ability: Drizzle|[of] p2a: Pelipper\n|turn|1\n|\n|t:|1776141271\n|detailschange|p1a: Let's Larp|Floette-Mega, L50, F\n|-mega|p1a: Let's Larp|Floette|Floettite\n|-ability|p1a: Let's Larp|Fairy Aura\n|move|p1b: Screaming Child|Follow Me|p1b: Screaming Child\n|-singleturn|p1b: Screaming Child|move: Follow Me\n|move|p2b: Basculegion|Liquidation|p1b: Screaming Child\n|-enditem|p1b: Screaming Child|Focus Sash\n|-damage|p1b: Screaming Child|1/100\n|move|p2a: Pelipper|Icy Wind|p1b: Screaming Child|[spread] p1a,p1b\n|-damage|p1a: Let's Larp|94/100\n|-damage|p1b: Screaming Child|0 fnt\n|-unboost|p1a: Let's Larp|spe|1\n|faint|p1b: Screaming Child\n|move|p1a: Let's Larp|Moonblast|p2b: Basculegion\n|-damage|p2b: Basculegion|6/100\n|\n|-weather|RainDance|[upkeep]\n|upkeep\n|\n|t:|1776141288\n|switch|p1b: Humgry|Garchomp, L50, M|100/100\n|turn|2\n|\n|t:|1776141296\n|move|p1a: Let's Larp|Protect|p1a: Let's Larp\n|-singleturn|p1a: Let's Larp|Protect\n|move|p2b: Basculegion|Flip Turn|p1a: Let's Larp\n|-activate|p1a: Let's Larp|move: Protect\n|move|p2a: Pelipper|Icy Wind|p1a: Let's Larp|[spread] p1b\n|-activate|p1a: Let's Larp|move: Protect\n|-supereffective|p1b: Humgry|2\n|-damage|p1b: Humgry|49/100\n|-unboost|p1b: Humgry|spe|1\n|move|p1b: Humgry|Swords Dance|p1b: Humgry\n|-boost|p1b: Humgry|atk|2\n|\n|-weather|RainDance|[upkeep]\n|upkeep\n|turn|3\n|\n|t:|1776141320\n|switch|p1a: Horse 2|Farigiraf, L50, F|100/100\n|move|p1b: Humgry|Protect|p1b: Humgry\n|-singleturn|p1b: Humgry|Protect\n|move|p2b: Basculegion|Flip Turn|p1a: Horse 2\n|-damage|p1a: Horse 2|48/100\n|-enditem|p1a: Horse 2|Sitrus Berry|[eat]\n|-heal|p1a: Horse 2|73/100|[from] item: Sitrus Berry\n|\n|t:|1776141335\n|switch|p2b: Incineroar|Incineroar, L50, F|100/100|[from] Flip Turn\n|-ability|p2b: Incineroar|Intimidate|boost\n|-unboost|p1a: Horse 2|atk|1\n|-unboost|p1b: Humgry|atk|1\n|move|p2a: Pelipper|Icy Wind|p1b: Humgry|[spread] p1a\n|-activate|p1b: Humgry|move: Protect\n|-damage|p1a: Horse 2|65/100\n|-unboost|p1a: Horse 2|spe|1\n|\n|-weather|RainDance|[upkeep]\n|upkeep\n|turn|4\n|inactive|dkapflzksh has 30 seconds left.\n|\n|t:|1776141361\n|move|p2a: Pelipper|Icy Wind|p1b: Humgry|[spread] p1a,p1b\n|-supereffective|p1b: Humgry|2\n|-damage|p1a: Horse 2|57/100\n|-damage|p1b: Humgry|0 fnt\n|-unboost|p1a: Horse 2|spe|1\n|faint|p1b: Humgry\n|move|p2b: Incineroar|Throat Chop|p1a: Horse 2\n|-supereffective|p1a: Horse 2|1\n|-damage|p1a: Horse 2|0 fnt\n|faint|p1a: Horse 2\n|\n|-weather|RainDance|[upkeep]\n|upkeep\n|-message|3000 moths forfeited.\n|\n|win|dkapflzksh\n|raw|3000 moths's rating: 1355 &rarr; <strong>1334</strong><br />(-21 for losing)\n|raw|dkapflzksh's rating: 1338 &rarr; <strong>1359</strong><br />(+21 for winning)\n",
  "uploadtime": 1776141370,
  "views": 46,
  "formatid": "gen9championsvgc2026regma",
  "rating": 1334,
  "private": 0,
  "password": null
}