{
  "id": "gen9championsvgc2026regma-2587084598",
  "format": "[Gen 9 Champions] VGC 2026 Reg M-A",
  "players": [
    "Quackers2446",
    "eek ayam"
  ],
  "log": "|j|\u2606Quackers2446\n|j|\u2606eek ayam\n|t:|1776491239\n|gametype|doubles\n|player|p1|Quackers2446|veteran|1085\n|player|p2|eek ayam|169|1091\n|gen|9\n|tier|[Gen 9 Champions] VGC 2026 Reg M-A\n|rated|\n|rule|Species Clause: Limit one of each Pok\u00e9mon\n|rule|Item Clause: Limit 1 of each item\n|clearpoke\n|poke|p1|Gengar, L50, F, shiny|\n|poke|p1|Incineroar, L50, F|\n|poke|p1|Politoed, L50, M, shiny|\n|poke|p1|Basculegion, L50, M|\n|poke|p1|Sneasler, L50, M|\n|poke|p1|Whimsicott, L50, F, shiny|\n|poke|p2|Floette-Eternal, L50, F|\n|poke|p2|Aerodactyl, L50, F|\n|poke|p2|Sneasler, L50, F|\n|poke|p2|Delphox, L50, M|\n|poke|p2|Basculegion, L50, M|\n|poke|p2|Kingambit, L50, F|\n|teampreview|4\n|\n|t:|1776491274\n|teamsize|p1|4\n|teamsize|p2|4\n|start\n|switch|p1a: Gengar|Gengar, L50, F, shiny|100/100\n|switch|p1b: Incineroar|Incineroar, L50, F|100/100\n|switch|p2a: Kingambit|Kingambit, L50, F|100/100\n|switch|p2b: Delphox|Delphox, L50, M|100/100\n|-ability|p1b: Incineroar|Intimidate|boost\n|-unboost|p2a: Kingambit|atk|1\n|-ability|p2a: Kingambit|Defiant|boost\n|-boost|p2a: Kingambit|atk|2\n|-unboost|p2b: Delphox|atk|1\n|turn|1\n|\n|t:|1776491297\n|detailschange|p1a: Gengar|Gengar-Mega, L50, F, shiny\n|-mega|p1a: Gengar|Gengar|Gengarite\n|move|p2b: Delphox|Protect|p2b: Delphox\n|-singleturn|p2b: Delphox|Protect\n|move|p1b: Incineroar|Fake Out|p2a: Kingambit\n|-resisted|p2a: Kingambit|1\n|-damage|p2a: Kingambit|97/100\n|move|p1a: Gengar|Perish Song|p1a: Gengar\n|-start|p1a: Gengar|perish3|[silent]\n|-start|p1b: Incineroar|perish3|[silent]\n|-start|p2a: Kingambit|perish3|[silent]\n|-start|p2b: Delphox|perish3|[silent]\n|-fieldactivate|move: Perish Song\n|cant|p2a: Kingambit|flinch\n|\n|-start|p2b: Delphox|perish3\n|-start|p1a: Gengar|perish3\n|-start|p1b: Incineroar|perish3\n|-start|p2a: Kingambit|perish3\n|upkeep\n|turn|2\n|\n|t:|1776491320\n|detailschange|p2b: Delphox|Delphox-Mega, L50, M\n|-mega|p2b: Delphox|Delphox|Delphoxite\n|move|p1a: Gengar|Protect|p1a: Gengar\n|-singleturn|p1a: Gengar|Protect\n|move|p2b: Delphox|Encore|p1b: Incineroar\n|-start|p1b: Incineroar|Encore\n|move|p1b: Incineroar|Fake Out||[still]\n|-hint|Fake Out only works on your first turn out.\n|-fail|p1b: Incineroar\n|move|p2a: Kingambit|Iron Head|p1b: Incineroar\n|-resisted|p1b: Incineroar|1\n|-damage|p1b: Incineroar|73/100\n|\n|-start|p2b: Delphox|perish2\n|-start|p1a: Gengar|perish2\n|-start|p1b: Incineroar|perish2\n|-start|p2a: Kingambit|perish2\n|upkeep\n|turn|3\n|\n|t:|1776491346\n|switch|p1b: Basculegion|Basculegion, L50, M|100/100\n|move|p2b: Delphox|Psychic|p1a: Gengar\n|-supereffective|p1a: Gengar|1\n|-damage|p1a: Gengar|0 fnt\n|faint|p1a: Gengar\n|move|p2a: Kingambit|Kowtow Cleave|p1b: Basculegion\n|-supereffective|p1b: Basculegion|1\n|-damage|p1b: Basculegion|0 fnt\n|faint|p1b: Basculegion\n|\n|-start|p2b: Delphox|perish1\n|-start|p2a: Kingambit|perish1\n|upkeep\n|\n|t:|1776491353\n|switch|p1a: Incineroar|Incineroar, L50, F|73/100\n|switch|p1b: Politoed|Politoed, L50, M, shiny|100/100\n|-weather|RainDance|[from] ability: Drizzle|[of] p1b: Politoed\n|-ability|p1a: Incineroar|Intimidate|boost\n|-unboost|p2a: Kingambit|atk|1\n|-ability|p2a: Kingambit|Defiant|boost\n|-boost|p2a: Kingambit|atk|2\n|-unboost|p2b: Delphox|atk|1\n|turn|4\n|-message|Quackers2446 forfeited.\n|\n|win|eek ayam\n|raw|Quackers2446's rating: 1085 &rarr; <strong>1063</strong><br />(-22 for losing)\n|raw|eek ayam's rating: 1091 &rarr; <strong>1117</strong><br />(+26 for winning)\n|l|\u2606Quackers2446\n|player|p1|\n",
  "uploadtime": 1776491369,
  "views": 24,
  "formatid": "gen9championsvgc2026regma",
  "rating": 1063,
  "private": 0,
  "password": null
}