{
  "id": "gen9championsvgc2026regma-2581548977",
  "format": "[Gen 9 Champions] VGC 2026 Reg M-A",
  "players": [
    "Spplaart",
    "RijdendeRechter"
  ],
  "log": "|j|\u2606Spplaart\n|j|\u2606RijdendeRechter\n|t:|1776010103\n|gametype|doubles\n|player|p1|Spplaart|266|1056\n|player|p2|RijdendeRechter|roughneck-gen4|1106\n|gen|9\n|tier|[Gen 9 Champions] VGC 2026 Reg M-A\n|rated|\n|rule|Species Clause: Limit one of each Pok\u00e9mon\n|rule|Item Clause: Limit 1 of each item\n|clearpoke\n|poke|p1|Tyranitar, L50, F|\n|poke|p1|Incineroar, L50, M|\n|poke|p1|Glimmora, L50, F|\n|poke|p1|Sinistcha, L50|\n|poke|p1|Whimsicott, L50, M|\n|poke|p1|Gliscor, L50, M|\n|poke|p2|Chesnaught, L50, M|\n|poke|p2|Slowking-Galar, L50, F|\n|poke|p2|Incineroar, L50, M|\n|poke|p2|Ninetales-Alola, L50, F|\n|poke|p2|Garchomp, L50, F|\n|poke|p2|Aegislash, L50, F|\n|teampreview|4\n|\n|t:|1776010134\n|teamsize|p1|4\n|teamsize|p2|4\n|start\n|switch|p1a: Tyranitar|Tyranitar, L50, F|100/100\n|switch|p1b: Whimsicott|Whimsicott, L50, M|100/100\n|switch|p2a: Chesnaught|Chesnaught, L50, M|100/100\n|switch|p2b: Slowking|Slowking-Galar, L50, F|100/100\n|-weather|Sandstorm|[from] ability: Sand Stream|[of] p1a: Tyranitar\n|turn|1\n|\n|t:|1776010149\n|detailschange|p2a: Chesnaught|Chesnaught-Mega, L50, M\n|-mega|p2a: Chesnaught|Chesnaught|Chesnaughtite\n|move|p1a: Tyranitar|Protect|p1a: Tyranitar\n|-singleturn|p1a: Tyranitar|Protect\n|move|p1b: Whimsicott|Switcheroo||[still]\n|-fail|p1b: Whimsicott\n|move|p2a: Chesnaught|Body Press|p1a: Tyranitar\n|-activate|p1a: Tyranitar|move: Protect\n|move|p2b: Slowking|Trick Room|p2b: Slowking\n|-fieldstart|move: Trick Room|[of] p2b: Slowking\n|\n|-weather|Sandstorm|[upkeep]\n|-damage|p2b: Slowking|95/100|[from] Sandstorm\n|-damage|p2a: Chesnaught|94/100|[from] Sandstorm\n|-damage|p1b: Whimsicott|95/100|[from] Sandstorm\n|upkeep\n|turn|2\n|-message|Spplaart forfeited.\n|\n|win|RijdendeRechter\n|raw|Spplaart's rating: 1056 &rarr; <strong>1040</strong><br />(-16 for losing)\n|raw|RijdendeRechter's rating: 1106 &rarr; <strong>1127</strong><br />(+21 for winning)\n|l|\u2606Spplaart\n|player|p1|\n",
  "uploadtime": 1776010170,
  "views": 12,
  "formatid": "gen9championsvgc2026regma",
  "rating": 1040,
  "private": 0,
  "password": null
}