{
  "id": "gen9championsvgc2026regma-2587830651",
  "format": "[Gen 9 Champions] VGC 2026 Reg M-A",
  "players": [
    "Boredrake2",
    "wartortcorp"
  ],
  "log": "|j|\u2606Boredrake2\n|j|\u2606wartortcorp\n|t:|1776568420\n|gametype|doubles\n|player|p1|Boredrake2|steven|1398\n|player|p2|wartortcorp|169|1401\n|gen|9\n|tier|[Gen 9 Champions] VGC 2026 Reg M-A\n|rated|\n|rule|Species Clause: Limit one of each Pok\u00e9mon\n|rule|Item Clause: Limit 1 of each item\n|clearpoke\n|poke|p1|Milotic, L50, M|\n|poke|p1|Farigiraf, L50, M|\n|poke|p1|Altaria, L50, F|\n|poke|p1|Volcarona, L50, F|\n|poke|p1|Aegislash, L50, M|\n|poke|p1|Garchomp, L50, M|\n|poke|p2|Sinistcha-Masterpiece, L50, shiny|\n|poke|p2|Garchomp, L50, M|\n|poke|p2|Tyranitar, L50, F|\n|poke|p2|Skarmory, L50, F|\n|poke|p2|Rotom-Heat, L50|\n|poke|p2|Milotic, L50, F, shiny|\n|teampreview|4\n|inactive|Battle timer is ON: inactive players will automatically lose when time's up. (requested by Boredrake2)\n|inactive|Boredrake2 has 60 seconds left.\n|inactive|wartortcorp has 60 seconds left.\n|\n|t:|1776568460\n|teamsize|p1|4\n|teamsize|p2|4\n|start\n|switch|p1a: Milotic|Milotic, L50, M|100/100\n|switch|p1b: Altaria|Altaria, L50, F|100/100\n|switch|p2a: Garchomp|Garchomp, L50, M|100/100\n|switch|p2b: Tyranitar|Tyranitar, L50, F|100/100\n|-ability|p1b: Altaria|Cloud Nine\n|-weather|Sandstorm|[from] ability: Sand Stream|[of] p2b: Tyranitar\n|turn|1\n|inactive|wartortcorp has 30 seconds left.\n|\n|t:|1776568487\n|move|p1b: Altaria|Protect|p1b: Altaria\n|-singleturn|p1b: Altaria|Protect\n|move|p2a: Garchomp|Dragon Claw|p1b: Altaria\n|-activate|p1b: Altaria|move: Protect\n|move|p1a: Milotic|Ice Beam|p2a: Garchomp\n|-supereffective|p2a: Garchomp|2\n|-crit|p2a: Garchomp\n|-damage|p2a: Garchomp|0 fnt\n|faint|p2a: Garchomp\n|move|p2b: Tyranitar|Rock Slide|p1a: Milotic|[spread] p1a\n|-activate|p1b: Altaria|move: Protect\n|-damage|p1a: Milotic|65/100\n|\n|-weather|Sandstorm|[upkeep]\n|upkeep\n|\n|t:|1776568494\n|switch|p2a: Sinistcha|Sinistcha-Masterpiece, L50, shiny|100/100\n|turn|2\n|\n|t:|1776568509\n|detailschange|p1b: Altaria|Altaria-Mega, L50, F\n|-mega|p1b: Altaria|Altaria|Altarianite\n|move|p1a: Milotic|Protect|p1a: Milotic\n|-singleturn|p1a: Milotic|Protect\n|move|p1b: Altaria|Will-O-Wisp|p2b: Tyranitar\n|-status|p2b: Tyranitar|brn\n|move|p2b: Tyranitar|Rock Slide|p1a: Milotic|[spread] p1b\n|-activate|p1a: Milotic|move: Protect\n|-damage|p1b: Altaria|85/100\n|move|p2a: Sinistcha|Matcha Gotcha|p1a: Milotic|[spread] p1b\n|-activate|p1a: Milotic|move: Protect\n|-resisted|p1b: Altaria|1\n|-damage|p1b: Altaria|70/100\n|-status|p1b: Altaria|brn\n|\n|-weather|Sandstorm|[upkeep]\n|-damage|p1b: Altaria|64/100 brn|[from] Sandstorm\n|-damage|p1a: Milotic|59/100|[from] Sandstorm\n|-damage|p2a: Sinistcha|94/100|[from] Sandstorm\n|-damage|p1b: Altaria|58/100 brn|[from] brn\n|-damage|p2b: Tyranitar|94/100 brn|[from] brn\n|upkeep\n|turn|3\n|\n|t:|1776568532\n|move|p1b: Altaria|Hyper Voice|p2b: Tyranitar|[spread] p2a,p2b\n|-supereffective|p2b: Tyranitar|1\n|-damage|p2a: Sinistcha|55/100\n|-damage|p2b: Tyranitar|57/100 brn\n|move|p1a: Milotic|Ice Beam|p2a: Sinistcha\n|-supereffective|p2a: Sinistcha|1\n|-damage|p2a: Sinistcha|0 fnt\n|faint|p2a: Sinistcha\n|move|p2b: Tyranitar|Knock Off|p1a: Milotic\n|-damage|p1a: Milotic|32/100\n|-enditem|p1a: Milotic|Sitrus Berry|[from] move: Knock Off|[of] p2b: Tyranitar\n|\n|-weather|Sandstorm|[upkeep]\n|-damage|p1b: Altaria|52/100 brn|[from] Sandstorm\n|-damage|p1a: Milotic|26/100|[from] Sandstorm\n|-damage|p1b: Altaria|46/100 brn|[from] brn\n|-damage|p2b: Tyranitar|50/100 brn|[from] brn\n|upkeep\n|-message|wartortcorp forfeited.\n|\n|win|Boredrake2\n|raw|Boredrake2's rating: 1398 &rarr; <strong>1418</strong><br />(+20 for winning)\n|raw|wartortcorp's rating: 1401 &rarr; <strong>1381</strong><br />(-20 for losing)\n|l|\u2606wartortcorp\n|player|p2|\n|l|\u2606Boredrake2\n|player|p1|\n",
  "uploadtime": 1776568559,
  "views": 15,
  "formatid": "gen9championsvgc2026regma",
  "rating": 1381,
  "private": 0,
  "password": null
}