{
  "id": "gen9championsvgc2026regma-2587803639",
  "format": "[Gen 9 Champions] VGC 2026 Reg M-A",
  "players": [
    "azumarillsky",
    "bassv991"
  ],
  "log": "|j|\u2606azumarillsky\n|j|\u2606bassv991\n|t:|1776565623\n|gametype|doubles\n|player|p1|azumarillsky|170|1456\n|player|p2|bassv991|266|1536\n|gen|9\n|tier|[Gen 9 Champions] VGC 2026 Reg M-A\n|rated|\n|rule|Species Clause: Limit one of each Pok\u00e9mon\n|rule|Item Clause: Limit 1 of each item\n|clearpoke\n|poke|p1|Blastoise, L50, M|\n|poke|p1|Kingambit, L50, F|\n|poke|p1|Aegislash, L50, M|\n|poke|p1|Aerodactyl, L50, F|\n|poke|p1|Sneasler, L50, F|\n|poke|p1|Sinistcha, L50|\n|poke|p2|Gengar, L50, F|\n|poke|p2|Sneasler, L50, F|\n|poke|p2|Pelipper, L50, M|\n|poke|p2|Basculegion, L50, M|\n|poke|p2|Scovillain, L50, M|\n|poke|p2|Kingambit, L50, M|\n|teampreview|4\n|inactive|Battle timer is ON: inactive players will automatically lose when time's up. (requested by azumarillsky)\n|\n|t:|1776565669\n|teamsize|p1|4\n|teamsize|p2|4\n|start\n|switch|p1a: Blastoise|Blastoise, L50, M|100/100\n|switch|p1b: Sneasler|Sneasler, L50, F|100/100\n|switch|p2a: Kingambit|Kingambit, L50, M|100/100\n|switch|p2b: Scovillain|Scovillain, L50, M|100/100\n|turn|1\n|inactive|bassv991 has 30 seconds left.\n|\n|t:|1776565698\n|detailschange|p1a: Blastoise|Blastoise-Mega, L50, M\n|-mega|p1a: Blastoise|Blastoise|Blastoisinite\n|detailschange|p2b: Scovillain|Scovillain-Mega, L50, M\n|-mega|p2b: Scovillain|Scovillain|Scovillainite\n|move|p1b: Sneasler|Fake Out|p2b: Scovillain\n|-damage|p2b: Scovillain|86/100\n|-status|p1b: Sneasler|brn|[from] ability: Spicy Spray|[of] p2b: Scovillain\n|move|p1a: Blastoise|Shell Smash|p1a: Blastoise\n|-unboost|p1a: Blastoise|def|1\n|-unboost|p1a: Blastoise|spd|1\n|-boost|p1a: Blastoise|atk|2\n|-boost|p1a: Blastoise|spa|2\n|-boost|p1a: Blastoise|spe|2\n|cant|p2b: Scovillain|flinch\n|move|p2a: Kingambit|Kowtow Cleave|p1a: Blastoise\n|-damage|p1a: Blastoise|20/100\n|\n|-damage|p1b: Sneasler|95/100 brn|[from] brn\n|upkeep\n|turn|2\n|inactive|bassv991 has 30 seconds left.\n|inactive|bassv991 has 20 seconds left.\n|inactive|bassv991 has 15 seconds left.\n|inactive|bassv991 has 10 seconds left.\n|inactive|bassv991 has 5 seconds left.\n|\n|t:|1776565751\n|switch|p1b: Sinistcha|Sinistcha, L50|100/100\n|-heal|p1a: Blastoise|45/100|[from] ability: Hospitality|[of] p1b: Sinistcha\n|move|p1a: Blastoise|Protect|p1a: Blastoise\n|-singleturn|p1a: Blastoise|Protect\n|move|p2b: Scovillain|Overheat|p1b: Sinistcha\n|-supereffective|p1b: Sinistcha|1\n|-damage|p1b: Sinistcha|0 fnt\n|-unboost|p2b: Scovillain|spa|2\n|faint|p1b: Sinistcha\n|move|p2a: Kingambit|Kowtow Cleave|p1a: Blastoise\n|-activate|p1a: Blastoise|move: Protect\n|\n|upkeep\n|\n|t:|1776565767\n|switch|p1b: Sneasler|Sneasler, L50, F|95/100 brn\n|turn|3\n|\n|t:|1776565791\n|move|p1b: Sneasler|Fake Out|p2a: Kingambit\n|-resisted|p2a: Kingambit|1\n|-damage|p2a: Kingambit|98/100\n|cant|p2a: Kingambit|flinch\n|move|p1a: Blastoise|Dark Pulse|p2b: Scovillain\n|-damage|p2b: Scovillain|0 fnt\n|-status|p1a: Blastoise|brn|[from] ability: Spicy Spray|[of] p2b: Scovillain\n|faint|p2b: Scovillain\n|\n|-damage|p1a: Blastoise|39/100 brn|[from] brn\n|-damage|p1b: Sneasler|89/100 brn|[from] brn\n|upkeep\n|\n|t:|1776565806\n|switch|p2b: Sneasler|Sneasler, L50, F|100/100\n|turn|4\n|-message|azumarillsky forfeited.\n|\n|win|bassv991\n|raw|azumarillsky's rating: 1456 &rarr; <strong>1441</strong><br />(-15 for losing)\n|raw|bassv991's rating: 1536 &rarr; <strong>1551</strong><br />(+15 for winning)\n|l|\u2606azumarillsky\n|player|p1|\n|l|\u2606bassv991\n|player|p2|\n",
  "uploadtime": 1776565845,
  "views": 14,
  "formatid": "gen9championsvgc2026regma",
  "rating": 1441,
  "private": 0,
  "password": null
}