{
  "id": "gen9championsvgc2026regma-2588274261",
  "format": "[Gen 9 Champions] VGC 2026 Reg M-A",
  "players": [
    "Braute",
    "Sacred Kyrie"
  ],
  "log": "|j|\u2606Braute\n|j|\u2606Sacred Kyrie\n|t:|1776620072\n|gametype|doubles\n|player|p1|Braute|miku-fire|1272\n|player|p2|Sacred Kyrie|iris-gen5bw2|1338\n|gen|9\n|tier|[Gen 9 Champions] VGC 2026 Reg M-A\n|rated|\n|rule|Species Clause: Limit one of each Pok\u00e9mon\n|rule|Item Clause: Limit 1 of each item\n|clearpoke\n|poke|p1|Scizor, L50, F|\n|poke|p1|Sneasler, L50, M|\n|poke|p1|Pelipper, L50, M|\n|poke|p1|Basculegion, L50, M|\n|poke|p1|Archaludon, L50, M|\n|poke|p1|Meganium, L50, F|\n|poke|p2|Torkoal, L50, F|\n|poke|p2|Farigiraf, L50, M|\n|poke|p2|Aerodactyl, L50, F|\n|poke|p2|Maushold, L50|\n|poke|p2|Meganium, L50, F|\n|poke|p2|Lopunny, L50, F|\n|teampreview|4\n|inactive|Battle timer is ON: inactive players will automatically lose when time's up. (requested by Braute)\n|j| rm007\n|l| rm007\n|\n|t:|1776620102\n|teamsize|p1|4\n|teamsize|p2|4\n|start\n|switch|p1a: Scizor|Scizor, L50, F|100/100\n|switch|p1b: Sneasler|Sneasler, L50, M|100/100\n|switch|p2a: Lopunny|Lopunny, L50, F|100/100\n|switch|p2b: Maushold|Maushold, L50|100/100\n|turn|1\n|\n|t:|1776620126\n|switch|p2b: Farigiraf|Farigiraf, L50, M|100/100\n|detailschange|p2a: Lopunny|Lopunny-Mega, L50, F\n|-mega|p2a: Lopunny|Lopunny|Lopunnite\n|detailschange|p1a: Scizor|Scizor-Mega, L50, F\n|-mega|p1a: Scizor|Scizor|Scizorite\n|move|p1b: Sneasler|Fake Out||[still]\n|cant|p2b: Farigiraf|ability: Armor Tail|Fake Out|[of] p1b: Sneasler\n|move|p2a: Lopunny|Cosmic Power|p2a: Lopunny\n|-boost|p2a: Lopunny|def|1\n|-boost|p2a: Lopunny|spd|1\n|move|p1a: Scizor|Close Combat|p2b: Farigiraf\n|-damage|p2b: Farigiraf|44/100\n|-unboost|p1a: Scizor|def|1\n|-unboost|p1a: Scizor|spd|1\n|\n|upkeep\n|turn|2\n|\n|t:|1776620146\n|move|p2a: Lopunny|Drain Punch|p1a: Scizor\n|-damage|p1a: Scizor|58/100\n|move|p1b: Sneasler|Close Combat|p2a: Lopunny\n|-supereffective|p2a: Lopunny|1\n|-damage|p2a: Lopunny|0 fnt\n|-unboost|p1b: Sneasler|def|1\n|-unboost|p1b: Sneasler|spd|1\n|faint|p2a: Lopunny\n|-enditem|p1b: Sneasler|White Herb\n|-clearnegativeboost|p1b: Sneasler|[silent]\n|move|p1a: Scizor|Bug Bite|p2b: Farigiraf\n|-supereffective|p2b: Farigiraf|1\n|-damage|p2b: Farigiraf|0 fnt\n|-enditem|p2b: Farigiraf|Colbur Berry|[from] stealeat|[move] Bug Bite|[of] p1a: Scizor\n|faint|p2b: Farigiraf\n|\n|upkeep\n|\n|t:|1776620151\n|switch|p2a: Maushold|Maushold, L50|100/100\n|switch|p2b: Aerodactyl|Aerodactyl, L50, F|100/100\n|-ability|p2b: Aerodactyl|Unnerve\n|turn|3\n|\n|t:|1776620170\n|move|p2a: Maushold|Follow Me|p2a: Maushold\n|-singleturn|p2a: Maushold|move: Follow Me\n|move|p1b: Sneasler|Close Combat|p2a: Maushold\n|-supereffective|p2a: Maushold|1\n|-damage|p2a: Maushold|0 fnt\n|-unboost|p1b: Sneasler|def|1\n|-unboost|p1b: Sneasler|spd|1\n|faint|p2a: Maushold\n|move|p2b: Aerodactyl|Rock Slide|p1b: Sneasler|[spread] p1a,p1b\n|-resisted|p1b: Sneasler|1\n|-damage|p1a: Scizor|31/100\n|-damage|p1b: Sneasler|68/100\n|move|p1a: Scizor|Close Combat|p2b: Aerodactyl\n|-damage|p2b: Aerodactyl|16/100\n|-unboost|p1a: Scizor|def|1\n|-unboost|p1a: Scizor|spd|1\n|\n|upkeep\n|turn|4\n|-message|Sacred Kyrie forfeited.\n|\n|win|Braute\n|raw|Braute's rating: 1272 &rarr; <strong>1302</strong><br />(+30 for winning)\n|raw|Sacred Kyrie's rating: 1338 &rarr; <strong>1314</strong><br />(-24 for losing)\n",
  "uploadtime": 1776620176,
  "views": 11,
  "formatid": "gen9championsvgc2026regma",
  "rating": 1302,
  "private": 0,
  "password": null
}