{
  "id": "gen9championsvgc2026regma-2581179581",
  "format": "[Gen 9 Champions] VGC 2026 Reg M-A",
  "players": [
    "PhillyBeatzU",
    "that2canto"
  ],
  "log": "|j|\u2606PhillyBeatzU\n|j|\u2606that2canto\n|t:|1775967739\n|gametype|doubles\n|player|p1|PhillyBeatzU|shadowtriad|1043\n|player|p2|that2canto|101|1103\n|gen|9\n|tier|[Gen 9 Champions] VGC 2026 Reg M-A\n|rated|\n|rule|Species Clause: Limit one of each Pok\u00e9mon\n|rule|Item Clause: Limit 1 of each item\n|clearpoke\n|poke|p1|Alakazam, L50, F|\n|poke|p1|Sneasler, L50, M|\n|poke|p1|Aerodactyl, L50, F|\n|poke|p1|Garchomp, L50, M|\n|poke|p1|Meowstic, L50, M|\n|poke|p1|Hatterene, L50, F|\n|poke|p2|Crabominable, L50, M|\n|poke|p2|Kingambit, L50, F|\n|poke|p2|Torkoal, L50, F|\n|poke|p2|Hatterene, L50, F|\n|poke|p2|Farigiraf, L50, M|\n|poke|p2|Aurorus, L50, M|\n|teampreview|4\n|\n|t:|1775967784\n|teamsize|p1|4\n|teamsize|p2|4\n|start\n|switch|p1a: Alakazam|Alakazam, L50, F, shiny|100/100\n|switch|p1b: Meowstic|Meowstic, L50, M|100/100\n|switch|p2a: Hatterene|Hatterene, L50, F|100/100\n|switch|p2b: Kingambit|Kingambit, L50, F|100/100\n|turn|1\n|\n|t:|1775967810\n|detailschange|p1a: Alakazam|Alakazam-Mega, L50, F, shiny\n|-mega|p1a: Alakazam|Alakazam|Alakazite\n|-ability|p1a: Alakazam|Defiant|Trace|[from] ability: Trace|[of] p2b: Kingambit\n|move|p1b: Meowstic|Psychic Terrain|p1b: Meowstic\n|-fieldstart|move: Psychic Terrain\n|move|p2b: Kingambit|Sucker Punch|p1a: Alakazam\n|-activate|p1a: Alakazam|move: Psychic Terrain\n|move|p1a: Alakazam|Dazzling Gleam|p2b: Kingambit|[spread] p2a,p2b\n|-damage|p2a: Hatterene|72/100\n|-damage|p2b: Kingambit|73/100\n|move|p2a: Hatterene|Trick Room|p2a: Hatterene\n|-fieldstart|move: Trick Room|[of] p2a: Hatterene\n|\n|upkeep\n|turn|2\n|\n|t:|1775967827\n|move|p1a: Alakazam|Protect|p1a: Alakazam\n|-singleturn|p1a: Alakazam|Protect\n|move|p1b: Meowstic|Nasty Plot|p1b: Meowstic\n|-boost|p1b: Meowstic|spa|2\n|move|p2a: Hatterene|Dazzling Gleam|p1b: Meowstic|[spread] p1b\n|-activate|p1a: Alakazam|move: Protect\n|-damage|p1b: Meowstic|54/100\n|move|p2b: Kingambit|Kowtow Cleave|p1a: Alakazam\n|-activate|p1a: Alakazam|move: Protect\n|\n|upkeep\n|turn|3\n|\n|t:|1775967850\n|switch|p1a: Hatterene|Hatterene, L50, F|100/100\n|move|p1b: Meowstic|Protect|p1b: Meowstic\n|-singleturn|p1b: Meowstic|Protect\n|move|p2a: Hatterene|Dazzling Gleam|p1a: Hatterene|[spread] p1a\n|-activate|p1b: Meowstic|move: Protect\n|-damage|p1a: Hatterene|53/100\n|move|p2b: Kingambit|Kowtow Cleave|p1a: Hatterene\n|-damage|p1a: Hatterene|0 fnt\n|faint|p1a: Hatterene\n|\n|upkeep\n|\n|t:|1775967863\n|switch|p1a: Sneasler|Sneasler, L50, M, shiny|100/100\n|turn|4\n|\n|t:|1775967870\n|move|p1b: Meowstic|Baton Pass|p1b: Meowstic\n|\n|t:|1775967872\n|switch|p1b: Alakazam|Alakazam-Mega, L50, F, shiny|100/100|[from] Baton Pass\n|-ability|p1b: Alakazam|Magic Bounce|Trace|[from] ability: Trace|[of] p2a: Hatterene\n|move|p2a: Hatterene|Psychic|p1a: Sneasler\n|-supereffective|p1a: Sneasler|2\n|-damage|p1a: Sneasler|0 fnt\n|faint|p1a: Sneasler\n|move|p2b: Kingambit|Kowtow Cleave|p1b: Alakazam\n|-supereffective|p1b: Alakazam|1\n|-damage|p1b: Alakazam|0 fnt\n|faint|p1b: Alakazam\n|\n|upkeep\n|-message|PhillyBeatzU forfeited.\n|\n|win|that2canto\n|raw|PhillyBeatzU's rating: 1043 &rarr; <strong>1029</strong><br />(-14 for losing)\n|raw|that2canto's rating: 1103 &rarr; <strong>1124</strong><br />(+21 for winning)\n|l|\u2606PhillyBeatzU\n|player|p1|\n",
  "uploadtime": 1775967924,
  "views": 15,
  "formatid": "gen9championsvgc2026regma",
  "rating": 1029,
  "private": 0,
  "password": null
}