{
  "id": "gen9championsvgc2026regma-2587415403",
  "format": "[Gen 9 Champions] VGC 2026 Reg M-A",
  "players": [
    "0008revO",
    "milkbag39"
  ],
  "log": "|j|\u26060008revO\n|j|\u2606milkbag39\n|t:|1776529914\n|gametype|doubles\n|player|p1|0008revO|hoopster|1088\n|player|p2|milkbag39|crasherwake|1117\n|gen|9\n|tier|[Gen 9 Champions] VGC 2026 Reg M-A\n|rated|\n|rule|Species Clause: Limit one of each Pok\u00e9mon\n|rule|Item Clause: Limit 1 of each item\n|clearpoke\n|poke|p1|Charizard, L50, F|\n|poke|p1|Venusaur, L50, M|\n|poke|p1|Whimsicott, L50, F|\n|poke|p1|Incineroar, L50, F|\n|poke|p1|Kingambit, L50, F|\n|poke|p1|Garchomp, L50, F|\n|poke|p2|Pelipper, L50, F|\n|poke|p2|Archaludon, L50, M|\n|poke|p2|Meganium, L50, M|\n|poke|p2|Whimsicott, L50, M|\n|poke|p2|Aegislash, L50, M|\n|poke|p2|Chandelure, L50, F|\n|teampreview|4\n0008revO has agreed to open team sheets.\nmilkbag39 has agreed to open team sheets.\n|showteam|p1|Charizard||CharizarditeY|SolarPower|HeatWave,DragonPulse,SolarBeam,Protect|||F|||50|]Venusaur||Leftovers|Chlorophyll|EarthPower,EnergyBall,SludgeBomb,Protect|||M|||50|]Whimsicott||FocusSash|Prankster|Tailwind,Moonblast,FakeTears,Protect|||F|||50|]Incineroar||SitrusBerry|Intimidate|Protect,PartingShot,FakeOut,FlareBlitz|||F|||50|]Kingambit||ChopleBerry|Defiant|IronHead,KowtowCleave,SuckerPunch,Protect|||F|||50|]Garchomp||HabanBerry|RoughSkin|RockSlide,Earthquake,DragonClaw,Protect|||F|||50|\n|showteam|p2|Pelipper||SharpBeak|Drizzle|Hurricane,WeatherBall,Tailwind,Protect|||F|||50|]Archaludon||Leftovers|Stamina|ElectroShot,FlashCannon,Protect,Snarl|||M|||50|]Meganium||Meganiumite|LeafGuard|SolarBeam,WeatherBall,DazzlingGleam,Protect|||M|||50|]Whimsicott||FocusSash|Prankster|Tailwind,Taunt,Moonblast,Protect|||M|||50|]Aegislash||SpellTag|StanceChange|KingsShield,IronHead,ShadowSneak,Substitute|||M|||50|]Chandelure||Chandelurite|FlashFire|ShadowBall,Flamethrower,Protect,HeatWave|||F|||50|\n|inactive|Battle timer is ON: inactive players will automatically lose when time's up. (requested by milkbag39)\n|\n|t:|1776529980\n|teamsize|p1|4\n|teamsize|p2|4\n|start\n|switch|p1a: Charizard|Charizard, L50, F|100/100\n|switch|p1b: Incineroar|Incineroar, L50, F|100/100\n|switch|p2a: Meganium|Meganium, L50, M|100/100\n|switch|p2b: Archaludon|Archaludon, L50, M|100/100\n|-ability|p1b: Incineroar|Intimidate|boost\n|-unboost|p2a: Meganium|atk|1\n|-unboost|p2b: Archaludon|atk|1\n|turn|1\n|\n|t:|1776530000\n|detailschange|p1a: Charizard|Charizard-Mega-Y, L50, F\n|-mega|p1a: Charizard|Charizard|Charizardite Y\n|-weather|SunnyDay|[from] ability: Drought|[of] p1a: Charizard\n|move|p2b: Archaludon|Protect|p2b: Archaludon\n|-singleturn|p2b: Archaludon|Protect\n|move|p2a: Meganium|Protect|p2a: Meganium\n|-singleturn|p2a: Meganium|Protect\n|move|p1b: Incineroar|Fake Out|p2a: Meganium\n|-activate|p2a: Meganium|move: Protect\n|move|p1a: Charizard|Heat Wave|p2a: Meganium|[spread] \n|-activate|p2a: Meganium|move: Protect\n|-activate|p2b: Archaludon|move: Protect\n|\n|-weather|SunnyDay|[upkeep]\n|upkeep\n|turn|2\n|\n|t:|1776530017\n|switch|p1a: Garchomp|Garchomp, L50, F|100/100\n|switch|p2a: Pelipper|Pelipper, L50, F|100/100\n|-weather|RainDance|[from] ability: Drizzle|[of] p2a: Pelipper\n|move|p1b: Incineroar|Parting Shot|p2a: Pelipper\n|-unboost|p2a: Pelipper|atk|1\n|-unboost|p2a: Pelipper|spa|1\n|\n|t:|1776530026\n|switch|p1b: Charizard|Charizard-Mega-Y, L50, F|100/100|[from] Parting Shot\n|-weather|SunnyDay|[from] ability: Drought|[of] p1b: Charizard\n|move|p2b: Archaludon|Electro Shot||[still]\n|-prepare|p2b: Archaludon|Electro Shot\n|-boost|p2b: Archaludon|spa|1\n|\n|-weather|SunnyDay|[upkeep]\n|upkeep\n|turn|3\n|inactive|0008revO has 30 seconds left.\n|-message|milkbag39 forfeited.\n|\n|win|0008revO\n|raw|0008revO's rating: 1088 &rarr; <strong>1117</strong><br />(+29 for winning)\n|raw|milkbag39's rating: 1117 &rarr; <strong>1090</strong><br />(-27 for losing)\n",
  "uploadtime": 1776530051,
  "views": 11,
  "formatid": "gen9championsvgc2026regma",
  "rating": 1090,
  "private": 0,
  "password": null
}