{
  "id": "gen9championsvgc2026regma-2588451892",
  "format": "[Gen 9 Champions] VGC 2026 Reg M-A",
  "players": [
    "luckyhanky",
    "SunTufo"
  ],
  "log": "|j|\u2606luckyhanky\n|j|\u2606SunTufo\n|t:|1776634739\n|gametype|doubles\n|player|p1|luckyhanky|medium-gen2jp|1493\n|player|p2|SunTufo|li|1589\n|gen|9\n|tier|[Gen 9 Champions] VGC 2026 Reg M-A\n|rated|\n|rule|Species Clause: Limit one of each Pok\u00e9mon\n|rule|Item Clause: Limit 1 of each item\n|clearpoke\n|poke|p1|Charizard, L50, F|\n|poke|p1|Sneasler, L50, M|\n|poke|p1|Basculegion, L50, M|\n|poke|p1|Garchomp, L50, M|\n|poke|p1|Incineroar, L50, M|\n|poke|p1|Venusaur, L50, M|\n|poke|p2|Froslass, L50, F, shiny|\n|poke|p2|Milotic, L50, F, shiny|\n|poke|p2|Sneasler, L50, M, shiny|\n|poke|p2|Rotom-Frost, L50|\n|poke|p2|Goodra-Hisui, L50, M, shiny|\n|poke|p2|Incineroar, L50, M, shiny|\n|teampreview|4\n|inactive|Battle timer is ON: inactive players will automatically lose when time's up. (requested by SunTufo)\n|inactive|luckyhanky also wants the timer to be on.\n|inactive|luckyhanky has 60 seconds left.\n|inactive|luckyhanky has 30 seconds left.\n|inactive|luckyhanky has 20 seconds left.\n|inactive|luckyhanky has 15 seconds left.\n|inactive|luckyhanky has 10 seconds left.\n|inactive|luckyhanky has 5 seconds left.\n|\n|t:|1776634829\n|teamsize|p1|4\n|teamsize|p2|4\n|start\n|switch|p1a: Charizard|Charizard, L50, F|100/100\n|switch|p1b: Sneasler|Sneasler, L50, M|100/100\n|switch|p2a: Froslass|Froslass, L50, F, shiny|100/100\n|switch|p2b: Rotom|Rotom-Frost, L50|100/100\n|turn|1\n|\n|t:|1776634851\n|switch|p2b: Incineroar|Incineroar, L50, M, shiny|100/100\n|-ability|p2b: Incineroar|Intimidate|boost\n|-unboost|p1a: Charizard|atk|1\n|-unboost|p1b: Sneasler|atk|1\n|-enditem|p1b: Sneasler|White Herb\n|-clearnegativeboost|p1b: Sneasler|[silent]\n|move|p2a: Froslass|Protect|p2a: Froslass\n|-singleturn|p2a: Froslass|Protect\n|move|p1a: Charizard|Protect|p1a: Charizard\n|-singleturn|p1a: Charizard|Protect\n|move|p1b: Sneasler|Close Combat|p2b: Incineroar\n|-supereffective|p2b: Incineroar|1\n|-damage|p2b: Incineroar|0 fnt\n|-unboost|p1b: Sneasler|def|1\n|-unboost|p1b: Sneasler|spd|1\n|faint|p2b: Incineroar\n|\n|upkeep\n|\n|t:|1776634862\n|switch|p2b: Rotom|Rotom-Frost, L50|100/100\n|turn|2\n|\n|t:|1776634870\n|detailschange|p1a: Charizard|Charizard-Mega-Y, L50, F\n|-mega|p1a: Charizard|Charizard|Charizardite Y\n|-weather|SunnyDay|[from] ability: Drought|[of] p1a: Charizard\n|move|p1b: Sneasler|Close Combat|p2b: Rotom\n|-supereffective|p2b: Rotom|1\n|-damage|p2b: Rotom|0 fnt\n|-unboost|p1b: Sneasler|def|1\n|-unboost|p1b: Sneasler|spd|1\n|faint|p2b: Rotom\n|move|p2a: Froslass|Blizzard|p1a: Charizard|[spread] p1b\n|-miss|p2a: Froslass|p1a: Charizard\n|-damage|p1b: Sneasler|17/100\n|move|p1a: Charizard|Heat Wave|p2a: Froslass\n|-supereffective|p2a: Froslass|1\n|-damage|p2a: Froslass|0 fnt\n|faint|p2a: Froslass\n|\n|-weather|SunnyDay|[upkeep]\n|upkeep\n|-message|SunTufo forfeited.\n|\n|win|luckyhanky\n|raw|luckyhanky's rating: 1493 &rarr; <strong>1518</strong><br />(+25 for winning)\n|raw|SunTufo's rating: 1589 &rarr; <strong>1564</strong><br />(-25 for losing)\n",
  "uploadtime": 1776634875,
  "views": 13,
  "formatid": "gen9championsvgc2026regma",
  "rating": 1518,
  "private": 0,
  "password": null
}