{
  "id": "gen9championsvgc2026regma-2584462207",
  "format": "[Gen 9 Champions] VGC 2026 Reg M-A",
  "players": [
    "Chocokoala VGC",
    "2401P"
  ],
  "log": "|j|\u2606Chocokoala VGC\n|j|\u26062401P\n|t:|1776262509\n|gametype|doubles\n|player|p1|Chocokoala VGC|aaron|1049\n|player|p2|2401P|265|1126\n|gen|9\n|tier|[Gen 9 Champions] VGC 2026 Reg M-A\n|rated|\n|rule|Species Clause: Limit one of each Pok\u00e9mon\n|rule|Item Clause: Limit 1 of each item\n|clearpoke\n|poke|p1|Glimmora, L50, F|\n|poke|p1|Whimsicott, L50, M|\n|poke|p1|Aegislash, L50, M|\n|poke|p1|Hydreigon, L50, F|\n|poke|p1|Pikachu, L50, M|\n|poke|p1|Garchomp, L50, M|\n|poke|p2|Aerodactyl, L50, M|\n|poke|p2|Froslass, L50, F|\n|poke|p2|Rotom-Wash, L50|\n|poke|p2|Sneasler, L50, M|\n|poke|p2|Talonflame, L50, M|\n|poke|p2|Mamoswine, L50, M|\n|teampreview|4\n|inactive|Battle timer is ON: inactive players will automatically lose when time's up. (requested by Chocokoala VGC)\n2401P rejected open team sheets.\n|inactive|2401P has 60 seconds left.\n|\n|t:|1776262544\n|teamsize|p1|4\n|teamsize|p2|4\n|start\n|switch|p1a: Glimmora|Glimmora, L50, F|100/100\n|switch|p1b: Whimsicott|Whimsicott, L50, M|100/100\n|switch|p2a: Mamoswine|Mamoswine, L50, M|100/100\n|switch|p2b: Rotom|Rotom-Wash, L50|100/100\n|turn|1\n|inactive|Chocokoala VGC has 30 seconds left.\n|inactive|2401P has 30 seconds left.\n|\n|t:|1776262569\n|detailschange|p1a: Glimmora|Glimmora-Mega, L50, F\n|-mega|p1a: Glimmora|Glimmora|Glimmoranite\n|move|p2b: Rotom|Electroweb|p1a: Glimmora|[spread] p1a,p1b\n|-resisted|p1b: Whimsicott|1\n|-damage|p1a: Glimmora|78/100\n|-damage|p1b: Whimsicott|83/100\n|-unboost|p1a: Glimmora|spe|1\n|-unboost|p1b: Whimsicott|spe|1\n|move|p2a: Mamoswine|Earthquake|p1b: Whimsicott|[spread] p1a,p1b\n|-immune|p2b: Rotom|[from] ability: Levitate\n|-supereffective|p1a: Glimmora|2\n|-resisted|p1b: Whimsicott|1\n|-crit|p1b: Whimsicott\n|-damage|p1a: Glimmora|0 fnt\n|-damage|p1b: Whimsicott|33/100\n|faint|p1a: Glimmora\n|move|p1b: Whimsicott|Moonblast|p2a: Mamoswine\n|-damage|p2a: Mamoswine|51/100\n|\n|upkeep\n|-message|Chocokoala VGC forfeited.\n|\n|win|2401P\n|raw|Chocokoala VGC's rating: 1049 &rarr; <strong>1035</strong><br />(-14 for losing)\n|raw|2401P's rating: 1126 &rarr; <strong>1146</strong><br />(+20 for winning)\n",
  "uploadtime": 1776262578,
  "views": 20,
  "formatid": "gen9championsvgc2026regma",
  "rating": 1035,
  "private": 0,
  "password": null
}