{
  "id": "gen9championsvgc2026regma-2585247607",
  "format": "[Gen 9 Champions] VGC 2026 Reg M-A",
  "players": [
    "AnotherDreamer",
    "LaserDedenee"
  ],
  "log": "|j|\u2606AnotherDreamer\n|j|\u2606LaserDedenee\n|t:|1776329651\n|gametype|doubles\n|player|p1|AnotherDreamer|102|1401\n|player|p2|LaserDedenee|265|1287\n|gen|9\n|tier|[Gen 9 Champions] VGC 2026 Reg M-A\n|rated|\n|rule|Species Clause: Limit one of each Pok\u00e9mon\n|rule|Item Clause: Limit 1 of each item\n|clearpoke\n|poke|p1|Incineroar, L50, F|\n|poke|p1|Floette-Eternal, L50, F|\n|poke|p1|Aerodactyl, L50, F|\n|poke|p1|Basculegion, L50, M|\n|poke|p1|Garchomp, L50, F|\n|poke|p1|Sneasler, L50, M|\n|poke|p2|Kingambit, L50, M|\n|poke|p2|Kangaskhan, L50, F|\n|poke|p2|Blastoise, L50, M|\n|poke|p2|Sinistcha, L50|\n|poke|p2|Aerodactyl, L50, M|\n|poke|p2|Farigiraf, L50, F|\n|teampreview|4\n|inactive|Battle timer is ON: inactive players will automatically lose when time's up. (requested by AnotherDreamer)\n|inactive|AnotherDreamer has 60 seconds left.\nLaserDedenee rejected open team sheets.\n|inactive|AnotherDreamer has 30 seconds left.\n|inactive|AnotherDreamer has 20 seconds left.\n|inactive|AnotherDreamer has 15 seconds left.\n|inactive|AnotherDreamer has 10 seconds left.\n|inactive|AnotherDreamer has 5 seconds left.\n|\n|t:|1776329742\n|teamsize|p1|4\n|teamsize|p2|4\n|start\n|switch|p1a: Incineroar|Incineroar, L50, F|100/100\n|switch|p1b: Floette|Floette-Eternal, L50, F|100/100\n|switch|p2a: Blastoise|Blastoise, L50, M|100/100\n|switch|p2b: Farigiraf|Farigiraf, L50, F|100/100\n|-ability|p1a: Incineroar|Intimidate|boost\n|-unboost|p2a: Blastoise|atk|1\n|-unboost|p2b: Farigiraf|atk|1\n|turn|1\n|inactive|AnotherDreamer has 30 seconds left.\n|inactive|AnotherDreamer has 20 seconds left.\n|inactive|AnotherDreamer has 15 seconds left.\n|inactive|AnotherDreamer has 10 seconds left.\n|inactive|AnotherDreamer has 5 seconds left.\n|\n|t:|1776329797\n|move|p2a: Blastoise|Fake Out|p1b: Floette\n|-damage|p1b: Floette|95/100\n|move|p1a: Incineroar|Fake Out||[still]\n|cant|p2b: Farigiraf|ability: Armor Tail|Fake Out|[of] p1a: Incineroar\n|cant|p1b: Floette|flinch\n|move|p2b: Farigiraf|Trick Room|p2b: Farigiraf\n|-fieldstart|move: Trick Room|[of] p2b: Farigiraf\n|\n|upkeep\n|turn|2\n|inactive|AnotherDreamer has 30 seconds left.\n|inactive|AnotherDreamer has 20 seconds left.\n|inactive|AnotherDreamer has 15 seconds left.\n|inactive|AnotherDreamer has 10 seconds left.\n|inactive|AnotherDreamer has 5 seconds left.\n|\n|t:|1776329852\n|detailschange|p2a: Blastoise|Blastoise-Mega, L50, M\n|-mega|p2a: Blastoise|Blastoise|Blastoisinite\n|move|p1a: Incineroar|Fake Out||[still]\n|cant|p2b: Farigiraf|ability: Armor Tail|Fake Out|[of] p1a: Incineroar\n|move|p2b: Farigiraf|Rain Dance|p2b: Farigiraf\n|-weather|RainDance\n|move|p2a: Blastoise|Water Spout|p1a: Incineroar|[spread] p1a,p1b\n|-supereffective|p1a: Incineroar|1\n|-damage|p1a: Incineroar|0 fnt\n|-damage|p1b: Floette|21/100\n|faint|p1a: Incineroar\n|move|p1b: Floette|Moonblast|p2a: Blastoise\n|-damage|p2a: Blastoise|61/100\n|\n|-weather|RainDance|[upkeep]\n|upkeep\n|inactive|AnotherDreamer has 30 seconds left.\n|inactive|AnotherDreamer has 20 seconds left.\n|inactive|AnotherDreamer has 15 seconds left.\n|inactive|AnotherDreamer has 10 seconds left.\n|inactive|AnotherDreamer has 5 seconds left.\n|\n|t:|1776329907\n|switch|p1a: Aerodactyl|Aerodactyl, L50, F|100/100\n|-ability|p1a: Aerodactyl|Unnerve\n|turn|3\n|inactive|AnotherDreamer has 30 seconds left.\n|inactive|AnotherDreamer has 20 seconds left.\n|inactive|AnotherDreamer has 15 seconds left.\n|inactive|AnotherDreamer has 10 seconds left.\n|inactive|AnotherDreamer has 5 seconds left.\n|\n|t:|1776329962\n|move|p2b: Farigiraf|Psychic|p1b: Floette\n|-damage|p1b: Floette|0 fnt\n|faint|p1b: Floette\n|move|p2a: Blastoise|Water Pulse|p1a: Aerodactyl\n|-supereffective|p1a: Aerodactyl|1\n|-enditem|p1a: Aerodactyl|Focus Sash\n|-damage|p1a: Aerodactyl|1/100\n|-start|p1a: Aerodactyl|confusion\n|-activate|p1a: Aerodactyl|confusion\n|move|p1a: Aerodactyl|Rock Slide|p2b: Farigiraf|[spread] p2a,p2b\n|-damage|p2a: Blastoise|39/100\n|-damage|p2b: Farigiraf|81/100\n|\n|-weather|RainDance|[upkeep]\n|upkeep\n|inactive|AnotherDreamer has 30 seconds left.\n|inactive|AnotherDreamer has 20 seconds left.\n|inactive|AnotherDreamer has 15 seconds left.\n|inactive|AnotherDreamer has 10 seconds left.\n|inactive|AnotherDreamer has 5 seconds left.\n|\n|t:|1776330017\n|switch|p1b: Basculegion|Basculegion, L50, M|100/100\n|turn|4\n|inactive|AnotherDreamer has 30 seconds left.\n|inactive|AnotherDreamer has 20 seconds left.\n|inactive|AnotherDreamer has 15 seconds left.\n|inactive|AnotherDreamer has 10 seconds left.\n|inactive|AnotherDreamer has 5 seconds left.\n|\n|t:|1776330072\n|move|p2b: Farigiraf|Psychic|p1a: Aerodactyl\n|-damage|p1a: Aerodactyl|0 fnt\n|faint|p1a: Aerodactyl\n|move|p2a: Blastoise|Dark Pulse|p1b: Basculegion\n|-supereffective|p1b: Basculegion|1\n|-damage|p1b: Basculegion|3/100\n|move|p1b: Basculegion|Last Respects|p2b: Farigiraf\n|-immune|p2b: Farigiraf\n|\n|-weather|RainDance|[upkeep]\n|upkeep\n|turn|5\n|inactive|AnotherDreamer has 30 seconds left.\n|inactive|AnotherDreamer has 20 seconds left.\n|inactive|AnotherDreamer has 15 seconds left.\n|inactive|AnotherDreamer has 10 seconds left.\n|inactive|AnotherDreamer has 5 seconds left.\n|\n|t:|1776330127\n|move|p2b: Farigiraf|Psychic|p1b: Basculegion\n|-damage|p1b: Basculegion|0 fnt\n|faint|p1b: Basculegion\n|\n|win|LaserDedenee\n|raw|AnotherDreamer's rating: 1401 &rarr; <strong>1375</strong><br />(-26 for losing)\n|raw|LaserDedenee's rating: 1287 &rarr; <strong>1320</strong><br />(+33 for winning)\n",
  "uploadtime": 1776330139,
  "views": 54,
  "formatid": "gen9championsvgc2026regma",
  "rating": 1320,
  "private": 0,
  "password": null
}