{
  "id": "gen9championsvgc2026regma-2581349378",
  "format": "[Gen 9 Champions] VGC 2026 Reg M-A",
  "players": [
    "nick765chb",
    "aggsapphire"
  ],
  "log": "|j|\u2606nick765chb\n|j|\u2606aggsapphire\n|t:|1775990149\n|gametype|doubles\n|player|p1|nick765chb|brawly|1080\n|player|p2|aggsapphire|266|1172\n|gen|9\n|tier|[Gen 9 Champions] VGC 2026 Reg M-A\n|rated|\n|rule|Species Clause: Limit one of each Pok\u00e9mon\n|rule|Item Clause: Limit 1 of each item\n|clearpoke\n|poke|p1|Froslass, L50, F|\n|poke|p1|Incineroar, L50, F|\n|poke|p1|Orthworm, L50, F|\n|poke|p1|Garchomp, L50, F|\n|poke|p1|Basculegion, L50, M|\n|poke|p1|Rotom-Frost, L50|\n|poke|p2|Charizard, L50, F|\n|poke|p2|Venusaur, L50, F|\n|poke|p2|Incineroar, L50, M|\n|poke|p2|Rotom-Wash, L50|\n|poke|p2|Garchomp, L50, M|\n|poke|p2|Sneasler, L50, F|\n|teampreview|4\n|inactive|Battle timer is ON: inactive players will automatically lose when time's up. (requested by nick765chb)\n|inactive|aggsapphire has 60 seconds left.\n|\n|t:|1775990279\n|teamsize|p1|4\n|teamsize|p2|4\n|start\n|switch|p1a: Orthworm|Orthworm, L50, F|100/100\n|switch|p1b: Garchomp|Garchomp, L50, F|100/100\n|switch|p2a: Rotom|Rotom-Wash, L50|100/100\n|switch|p2b: Incineroar|Incineroar, L50, M|100/100\n|-ability|p2b: Incineroar|Intimidate|boost\n|-unboost|p1a: Orthworm|atk|1\n|-unboost|p1b: Garchomp|atk|1\n|turn|1\n|inactive|nick765chb has 30 seconds left.\n|\n|t:|1775990306\n|move|p1b: Garchomp|Protect|p1b: Garchomp\n|-singleturn|p1b: Garchomp|Protect\n|move|p2b: Incineroar|Fake Out|p1a: Orthworm\n|-resisted|p1a: Orthworm|1\n|-damage|p1a: Orthworm|98/100\n|move|p2a: Rotom|Will-O-Wisp|p1b: Garchomp\n|-activate|p1b: Garchomp|move: Protect\n|cant|p1a: Orthworm|flinch\n|\n|upkeep\n|turn|2\n|inactive|nick765chb has 30 seconds left.\n|\n|t:|1775990331\n|move|p1b: Garchomp|Earthquake|p2b: Incineroar|[spread] p2b\n|-heal|p1a: Orthworm|100/100|[from] ability: Earth Eater|[of] p1b: Garchomp\n|-immune|p2a: Rotom|[from] ability: Levitate\n|-supereffective|p2b: Incineroar|1\n|-damage|p2b: Incineroar|59/100\n|move|p2a: Rotom|Will-O-Wisp|p1b: Garchomp\n|-status|p1b: Garchomp|brn\n|move|p1a: Orthworm|Shed Tail|p1a: Orthworm\n|-start|p1a: Orthworm|Substitute|[from] move: Shed Tail\n|-damage|p1a: Orthworm|50/100\n|-enditem|p1a: Orthworm|Sitrus Berry|[eat]\n|-heal|p1a: Orthworm|75/100|[from] item: Sitrus Berry\n|\n|t:|1775990346\n|switch|p1a: Froslass|Froslass, L50, F|100/100|[from] Shed Tail\n|move|p2b: Incineroar|Flare Blitz|p1a: Froslass\n|-supereffective|p1a: Froslass|1\n|-end|p1a: Froslass|Substitute\n|-damage|p2b: Incineroar|51/100|[from] Recoil|[of] p1a: Froslass\n|\n|-damage|p1b: Garchomp|95/100 brn|[from] brn\n|upkeep\n|turn|3\n|-message|nick765chb forfeited.\n|\n|win|aggsapphire\n|raw|nick765chb's rating: 1080 &rarr; <strong>1064</strong><br />(-16 for losing)\n|raw|aggsapphire's rating: 1172 &rarr; <strong>1191</strong><br />(+19 for winning)\n|l|\u2606nick765chb\n|player|p1|\n",
  "uploadtime": 1775990363,
  "views": 18,
  "formatid": "gen9championsvgc2026regma",
  "rating": 1064,
  "private": 0,
  "password": null
}