{
  "id": "gen9championsvgc2026regma-2586744694",
  "format": "[Gen 9 Champions] VGC 2026 Reg M-A",
  "players": [
    "CrushforceX",
    "lfdgm"
  ],
  "log": "|j|\u2606CrushforceX\n|j|\u2606lfdgm\n|t:|1776456537\n|gametype|doubles\n|player|p1|CrushforceX|102|1067\n|player|p2|lfdgm|skyla|1053\n|gen|9\n|tier|[Gen 9 Champions] VGC 2026 Reg M-A\n|rated|\n|rule|Species Clause: Limit one of each Pok\u00e9mon\n|rule|Item Clause: Limit 1 of each item\n|clearpoke\n|poke|p1|Excadrill, L50, M|\n|poke|p1|Tyranitar, L50, F|\n|poke|p1|Sinistcha, L50|\n|poke|p1|Torkoal, L50, M|\n|poke|p1|Gyarados, L50, F|\n|poke|p1|Aerodactyl, L50, F|\n|poke|p2|Meowstic, L50, M|\n|poke|p2|Camerupt, L50, M|\n|poke|p2|Audino, L50, M|\n|poke|p2|Aerodactyl, L50, M|\n|poke|p2|Sneasler, L50, M|\n|poke|p2|Torkoal, L50, M|\n|teampreview|4\n|inactive|Battle timer is ON: inactive players will automatically lose when time's up. (requested by CrushforceX)\n|inactive|CrushforceX has 60 seconds left.\n|inactive|lfdgm has 60 seconds left.\n|inactive|CrushforceX has 30 seconds left.\n|\n|t:|1776456599\n|teamsize|p1|4\n|teamsize|p2|4\n|start\n|switch|p1a: Tyranitar|Tyranitar, L50, F|100/100\n|switch|p1b: Aerodactyl|Aerodactyl, L50, F|100/100\n|switch|p2a: Aerodactyl|Aerodactyl, L50, M|100/100\n|switch|p2b: Sneasler|Sneasler, L50, M|100/100\n|-ability|p2a: Aerodactyl|Unnerve\n|-ability|p1b: Aerodactyl|Unnerve\n|-weather|Sandstorm|[from] ability: Sand Stream|[of] p1a: Tyranitar\n|turn|1\n|inactive|CrushforceX has 30 seconds left.\n|inactive|CrushforceX has 20 seconds left.\n|\n|t:|1776456635\n|switch|p1b: Sinistcha|Sinistcha, L50|100/100\n|detailschange|p2a: Aerodactyl|Aerodactyl-Mega, L50, M\n|-mega|p2a: Aerodactyl|Aerodactyl|Aerodactylite\n|move|p1a: Tyranitar|Protect|p1a: Tyranitar\n|-singleturn|p1a: Tyranitar|Protect\n|move|p2b: Sneasler|Fake Out|p1b: Sinistcha\n|-immune|p1b: Sinistcha\n|move|p2a: Aerodactyl|Iron Head|p1a: Tyranitar\n|-activate|p1a: Tyranitar|move: Protect\n|\n|-weather|Sandstorm|[upkeep]\n|-damage|p2b: Sneasler|95/100|[from] Sandstorm\n|-damage|p1b: Sinistcha|94/100|[from] Sandstorm\n|upkeep\n|turn|2\n|inactive|CrushforceX has 30 seconds left.\n|inactive|CrushforceX has 20 seconds left.\n|inactive|CrushforceX has 15 seconds left.\n|inactive|CrushforceX has 10 seconds left.\n|inactive|CrushforceX has 5 seconds left.\n|\n|t:|1776456688\n|move|p2a: Aerodactyl|Dual Wingbeat|p1b: Sinistcha\n|-supereffective|p1b: Sinistcha|1\n|-damage|p1b: Sinistcha|44/100\n|-supereffective|p1b: Sinistcha|1\n|-crit|p1b: Sinistcha\n|-damage|p1b: Sinistcha|0 fnt\n|faint|p1b: Sinistcha\n|-hitcount|p1: Sinistcha|2\n|move|p2b: Sneasler|U-turn|p1a: Tyranitar\n|-supereffective|p1a: Tyranitar|1\n|-damage|p1a: Tyranitar|55/100\n|-status|p1a: Tyranitar|psn|[from] ability: Poison Touch|[of] p2b: Sneasler\n|\n|t:|1776456700\n|switch|p2b: Meowstic|Meowstic, L50, M|100/100|[from] U-turn\n|move|p1a: Tyranitar|Rock Slide|p2a: Aerodactyl|[spread] p2a,p2b\n|-supereffective|p2a: Aerodactyl|1\n|-damage|p2a: Aerodactyl|9/100\n|-damage|p2b: Meowstic|61/100\n|\n|-weather|Sandstorm|[upkeep]\n|-damage|p2b: Meowstic|55/100|[from] Sandstorm\n|-damage|p1a: Tyranitar|43/100 psn|[from] psn\n|upkeep\n|-message|CrushforceX forfeited.\n|\n|win|lfdgm\n|raw|CrushforceX's rating: 1067 &rarr; <strong>1046</strong><br />(-21 for losing)\n|raw|lfdgm's rating: 1053 &rarr; <strong>1086</strong><br />(+33 for winning)\n|l|\u2606CrushforceX\n|player|p1|\n",
  "uploadtime": 1776456721,
  "views": 27,
  "formatid": "gen9championsvgc2026regma",
  "rating": 1046,
  "private": 0,
  "password": null
}