{
  "id": "gen9championsvgc2026regma-2584962087",
  "format": "[Gen 9 Champions] VGC 2026 Reg M-A",
  "players": [
    "problamatic",
    "soulo333"
  ],
  "log": "|j|\u2606problamatic\n|j|\u2606soulo333\n|t:|1776298514\n|gametype|doubles\n|player|p1|problamatic|nate|1308\n|player|p2|soulo333|266|1314\n|gen|9\n|tier|[Gen 9 Champions] VGC 2026 Reg M-A\n|rated|\n|rule|Species Clause: Limit one of each Pok\u00e9mon\n|rule|Item Clause: Limit 1 of each item\n|clearpoke\n|poke|p1|Scizor, L50, M|\n|poke|p1|Tyranitar, L50, F|\n|poke|p1|Excadrill, L50, F|\n|poke|p1|Milotic, L50, M|\n|poke|p1|Aegislash, L50, F|\n|poke|p1|Incineroar, L50, F|\n|poke|p2|Charizard, L50, M|\n|poke|p2|Sneasler, L50, M|\n|poke|p2|Sinistcha, L50|\n|poke|p2|Incineroar, L50, F|\n|poke|p2|Milotic, L50, F|\n|poke|p2|Tyranitar, L50, F|\n|teampreview|4\n|inactive|Battle timer is ON: inactive players will automatically lose when time's up. (requested by problamatic)\n|inactive|problamatic has 60 seconds left.\n|inactive|problamatic has 30 seconds left.\n|inactive|problamatic has 20 seconds left.\n|\n|t:|1776298591\n|teamsize|p1|4\n|teamsize|p2|4\n|start\n|switch|p1a: Aegislash|Aegislash, L50, F, shiny|100/100\n|switch|p1b: Milotic|Milotic, L50, M, shiny|100/100\n|switch|p2a: Milotic|Milotic, L50, F|100/100\n|switch|p2b: Sinistcha|Sinistcha, L50|100/100\n|turn|1\n|\n|t:|1776298614\n|move|p2a: Milotic|Scald|p1a: Aegislash\n|-damage|p1a: Aegislash|77/100\n|move|p1b: Milotic|Ice Beam|p2b: Sinistcha\n|-supereffective|p2b: Sinistcha|1\n|-damage|p2b: Sinistcha|47/100\n|move|p2b: Sinistcha|Shadow Ball|p1a: Aegislash\n|-supereffective|p1a: Aegislash|1\n|-damage|p1a: Aegislash|7/100\n|-formechange|p1a: Aegislash|Aegislash-Blade|\n|move|p1a: Aegislash|Poltergeist|p2b: Sinistcha\n|-activate|p2b: Sinistcha|move: Poltergeist|Colbur Berry\n|-supereffective|p2b: Sinistcha|1\n|-damage|p2b: Sinistcha|0 fnt\n|faint|p2b: Sinistcha\n|\n|upkeep\n|\n|t:|1776298637\n|switch|p2b: Incineroar|Incineroar, L50, F|100/100\n|-ability|p2b: Incineroar|Intimidate|boost\n|-unboost|p1a: Aegislash|atk|1\n|-unboost|p1b: Milotic|atk|1\n|-ability|p1b: Milotic|Competitive|boost\n|-boost|p1b: Milotic|spa|2\n|turn|2\n|inactive|problamatic has 30 seconds left.\n|\n|t:|1776298668\n|-formechange|p1a: Aegislash|Aegislash|\n|move|p1a: Aegislash|King's Shield|p1a: Aegislash\n|-singleturn|p1a: Aegislash|Protect\n|move|p2a: Milotic|Scald|p1b: Milotic\n|-resisted|p1b: Milotic|1\n|-damage|p1b: Milotic|91/100\n|move|p1b: Milotic|Scald|p2b: Incineroar\n|-supereffective|p2b: Incineroar|1\n|-damage|p2b: Incineroar|16/100\n|-enditem|p2b: Incineroar|Sitrus Berry|[eat]\n|-heal|p2b: Incineroar|41/100|[from] item: Sitrus Berry\n|move|p2b: Incineroar|Throat Chop|p1b: Milotic\n|-damage|p1b: Milotic|61/100\n|-start|p1b: Milotic|Throat Chop|[silent]\n|\n|-heal|p1b: Milotic|67/100|[from] item: Leftovers\n|upkeep\n|turn|3\n|-message|soulo333 forfeited.\n|\n|win|problamatic\n|raw|problamatic's rating: 1308 &rarr; <strong>1328</strong><br />(+20 for winning)\n|raw|soulo333's rating: 1314 &rarr; <strong>1294</strong><br />(-20 for losing)\n",
  "uploadtime": 1776298684,
  "views": 42,
  "formatid": "gen9championsvgc2026regma",
  "rating": 1294,
  "private": 0,
  "password": null
}