{
  "id": "gen9championsvgc2026regma-2586921229",
  "format": "[Gen 9 Champions] VGC 2026 Reg M-A",
  "players": [
    "Keepcoming",
    "Whatever0512"
  ],
  "log": "|j|\u2606Keepcoming\n|j|\u2606Whatever0512\n|t:|1776471993\n|gametype|doubles\n|player|p1|Keepcoming|preschoolerf|1164\n|player|p2|Whatever0512|265|1120\n|gen|9\n|tier|[Gen 9 Champions] VGC 2026 Reg M-A\n|rated|\n|rule|Species Clause: Limit one of each Pok\u00e9mon\n|rule|Item Clause: Limit 1 of each item\n|clearpoke\n|poke|p1|Charizard, L50, M|\n|poke|p1|Incineroar, L50, F|\n|poke|p1|Garchomp, L50, M|\n|poke|p1|Typhlosion-Hisui, L50, F|\n|poke|p1|Sneasler, L50, F|\n|poke|p1|Whimsicott, L50, F|\n|poke|p2|Excadrill, L50, F|\n|poke|p2|Tyranitar, L50, M|\n|poke|p2|Corviknight, L50, M|\n|poke|p2|Kommo-o, L50, M|\n|poke|p2|Sinistcha, L50|\n|poke|p2|Incineroar, L50, F|\n|teampreview|4\n|inactive|Battle timer is ON: inactive players will automatically lose when time's up. (requested by Keepcoming)\n|l|\u2606Whatever0512\n|inactive|Whatever0512 disconnected and has a minute to reconnect!\n|player|p2|\n|inactive|Keepcoming has 60 seconds left.\n|\n|t:|1776472042\n|teamsize|p1|4\n|teamsize|p2|4\n|start\n|switch|p1a: Whimsicott|Whimsicott, L50, F|100/100\n|switch|p1b: Typhlosion|Typhlosion-Hisui, L50, F|100/100\n|switch|p2a: Incineroar|Incineroar, L50, F|100/100\n|switch|p2b: Kommo-o|Kommo-o, L50, M|100/100\n|-ability|p2a: Incineroar|Intimidate|boost\n|-unboost|p1a: Whimsicott|atk|1\n|-unboost|p1b: Typhlosion|atk|1\n|turn|1\n|j|\u2606Whatever0512\n|inactive|Whatever0512 reconnected and has 45 seconds left.\n|player|p2|Whatever0512|265|\n|\n|t:|1776472066\n|switch|p1b: Incineroar|Incineroar, L50, F|100/100\n|-ability|p1b: Incineroar|Intimidate|boost\n|-unboost|p2a: Incineroar|atk|1\n|-unboost|p2b: Kommo-o|atk|1\n|switch|p2b: Tyranitar|Tyranitar, L50, M|100/100\n|-weather|Sandstorm|[from] ability: Sand Stream|[of] p2b: Tyranitar\n|move|p1a: Whimsicott|Moonblast|p2b: Tyranitar\n|-supereffective|p2b: Tyranitar|1\n|-damage|p2b: Tyranitar|60/100\n|move|p2a: Incineroar|Flare Blitz|p1a: Whimsicott\n|-supereffective|p1a: Whimsicott|1\n|-crit|p1a: Whimsicott\n|-enditem|p1a: Whimsicott|Focus Sash\n|-damage|p1a: Whimsicott|1/100\n|-damage|p2a: Incineroar|78/100|[from] Recoil\n|\n|-weather|Sandstorm|[upkeep]\n|-damage|p1a: Whimsicott|0 fnt|[from] Sandstorm\n|-damage|p2a: Incineroar|72/100|[from] Sandstorm\n|-damage|p1b: Incineroar|95/100|[from] Sandstorm\n|faint|p1a: Whimsicott\n|upkeep\n|\n|t:|1776472088\n|switch|p1a: Charizard|Charizard, L50, M|100/100\n|turn|2\n|\n|t:|1776472098\n|detailschange|p1a: Charizard|Charizard-Mega-Y, L50, M\n|-mega|p1a: Charizard|Charizard|Charizardite Y\n|-weather|SunnyDay|[from] ability: Drought|[of] p1a: Charizard\n|move|p2b: Tyranitar|Protect|p2b: Tyranitar\n|-singleturn|p2b: Tyranitar|Protect\n|move|p1b: Incineroar|Fake Out|p2b: Tyranitar\n|-activate|p2b: Tyranitar|move: Protect\n|move|p1a: Charizard|Weather Ball|p2a: Incineroar\n|-resisted|p2a: Incineroar|1\n|-crit|p2a: Incineroar\n|-damage|p2a: Incineroar|9/100\n|move|p2a: Incineroar|Parting Shot|p1a: Charizard\n|-unboost|p1a: Charizard|atk|1\n|-unboost|p1a: Charizard|spa|1\n|\n|t:|1776472113\n|switch|p2a: Excadrill|Excadrill, L50, F|100/100|[from] Parting Shot\n|\n|-weather|SunnyDay|[upkeep]\n|upkeep\n|turn|3\n|\n|t:|1776472129\n|switch|p1a: Typhlosion|Typhlosion-Hisui, L50, F|100/100\n|detailschange|p2b: Tyranitar|Tyranitar-Mega, L50, M\n|-mega|p2b: Tyranitar|Tyranitar|Tyranitarite\n|-weather|Sandstorm|[from] ability: Sand Stream|[of] p2b: Tyranitar\n|move|p2a: Excadrill|Rock Slide|p1b: Incineroar|[spread] p1a,p1b\n|-supereffective|p1a: Typhlosion|1\n|-supereffective|p1b: Incineroar|1\n|-damage|p1a: Typhlosion|39/100\n|-damage|p1b: Incineroar|55/100\n|move|p2b: Tyranitar|Rock Slide|p1a: Typhlosion|[spread] p1a,p1b\n|-supereffective|p1a: Typhlosion|1\n|-supereffective|p1b: Incineroar|1\n|-damage|p1a: Typhlosion|0 fnt\n|-damage|p1b: Incineroar|0 fnt\n|faint|p1a: Typhlosion\n|faint|p1b: Incineroar\n|\n|-weather|Sandstorm|[upkeep]\n|upkeep\n|-message|Keepcoming forfeited.\n|\n|win|Whatever0512\n|raw|Keepcoming's rating: 1164 &rarr; <strong>1136</strong><br />(-28 for losing)\n|raw|Whatever0512's rating: 1120 &rarr; <strong>1148</strong><br />(+28 for winning)\n|l|\u2606Keepcoming\n|player|p1|\n",
  "uploadtime": 1776472172,
  "views": 27,
  "formatid": "gen9championsvgc2026regma",
  "rating": 1136,
  "private": 0,
  "password": null
}