{
  "id": "gen9championsvgc2026regma-2582260141",
  "format": "[Gen 9 Champions] VGC 2026 Reg M-A",
  "players": [
    "ZssprimePKMN",
    "darksol1111"
  ],
  "log": "|j|\u2606ZssprimePKMN\n|j|\u2606darksol1111\n|t:|1776077204\n|gametype|doubles\n|player|p1|ZssprimePKMN|brycen|1040\n|player|p2|darksol1111|veteran|1066\n|gen|9\n|tier|[Gen 9 Champions] VGC 2026 Reg M-A\n|rated|\n|rule|Species Clause: Limit one of each Pok\u00e9mon\n|rule|Item Clause: Limit 1 of each item\n|clearpoke\n|poke|p1|Froslass, L50, F|\n|poke|p1|Incineroar, L50, M|\n|poke|p1|Milotic, L50, M|\n|poke|p1|Kingambit, L50, F|\n|poke|p1|Sneasler, L50, F|\n|poke|p1|Sinistcha, L50|\n|poke|p2|Cofagrigus, L50, F|\n|poke|p2|Meganium, L50, F|\n|poke|p2|Empoleon, L50, M|\n|poke|p2|Noivern, L50, F|\n|poke|p2|Mamoswine, L50, M|\n|poke|p2|Incineroar, L50, M|\n|teampreview|4\n|\n|t:|1776077241\n|teamsize|p1|4\n|teamsize|p2|4\n|start\n|switch|p1a: Milotic|Milotic, L50, M, shiny|100/100\n|switch|p1b: Sneasler|Sneasler, L50, F|100/100\n|switch|p2a: Mamoswine|Mamoswine, L50, M|100/100\n|switch|p2b: Noivern|Noivern, L50, F|100/100\n|-item|p1a: Milotic|Leftovers|[from] ability: Frisk|[of] p2b: Noivern\n|-item|p1b: Sneasler|White Herb|[from] ability: Frisk|[of] p2b: Noivern\n|turn|1\n|\n|t:|1776077280\n|move|p1b: Sneasler|Fake Out|p2b: Noivern\n|-damage|p2b: Noivern|79/100\n|move|p2a: Mamoswine|Earthquake|p1a: Milotic|[spread] p1a,p1b\n|-immune|p2b: Noivern\n|-supereffective|p1b: Sneasler|1\n|-damage|p1a: Milotic|51/100\n|-damage|p1b: Sneasler|0 fnt\n|faint|p1b: Sneasler\n|cant|p2b: Noivern|flinch\n|move|p1a: Milotic|Blizzard|p2a: Mamoswine|[spread] p2a\n|-miss|p1a: Milotic|p2b: Noivern\n|-damage|p2a: Mamoswine|66/100\n|\n|-heal|p1a: Milotic|57/100|[from] item: Leftovers\n|upkeep\n|\n|t:|1776077295\n|switch|p1b: Froslass|Froslass, L50, F, shiny|100/100\n|turn|2\n|\n|t:|1776077304\n|detailschange|p1b: Froslass|Froslass-Mega, L50, F, shiny\n|-mega|p1b: Froslass|Froslass|Froslassite\n|-weather|Snowscape|[from] ability: Snow Warning|[of] p1b: Froslass\n|move|p2b: Noivern|Protect|p2b: Noivern\n|-singleturn|p2b: Noivern|Protect\n|move|p1b: Froslass|Protect|p1b: Froslass\n|-singleturn|p1b: Froslass|Protect\n|move|p2a: Mamoswine|Earthquake|p1a: Milotic|[spread] p1a\n|-activate|p2b: Noivern|move: Protect\n|-activate|p1b: Froslass|move: Protect\n|-damage|p1a: Milotic|12/100\n|move|p1a: Milotic|Blizzard|p2a: Mamoswine|[spread] p2a\n|-activate|p2b: Noivern|move: Protect\n|-damage|p2a: Mamoswine|30/100\n|\n|-weather|Snowscape|[upkeep]\n|-heal|p1a: Milotic|18/100|[from] item: Leftovers\n|upkeep\n|turn|3\n|\n|t:|1776077324\n|move|p2a: Mamoswine|Earthquake|p1a: Milotic|[spread] p1a,p1b\n|-immune|p2b: Noivern\n|-damage|p1a: Milotic|0 fnt\n|-damage|p1b: Froslass|52/100\n|faint|p1a: Milotic\n|move|p2b: Noivern|Draco Meteor|p1b: Froslass\n|-damage|p1b: Froslass|0 fnt\n|-unboost|p2b: Noivern|spa|2\n|faint|p1b: Froslass\n|\n|-weather|Snowscape|[upkeep]\n|upkeep\n|-message|ZssprimePKMN forfeited.\n|\n|win|darksol1111\n|raw|ZssprimePKMN's rating: 1040 &rarr; <strong>1025</strong><br />(-15 for losing)\n|raw|darksol1111's rating: 1066 &rarr; <strong>1094</strong><br />(+28 for winning)\n|c|\u2606darksol1111|ggd\n|c|\u2606ZssprimePKMN|gg\n",
  "uploadtime": 1776077343,
  "views": 10,
  "formatid": "gen9championsvgc2026regma",
  "rating": 1025,
  "private": 0,
  "password": null
}