{
  "id": "gen9championsvgc2026regma-2585102605",
  "format": "[Gen 9 Champions] VGC 2026 Reg M-A",
  "players": [
    "testspaoa",
    "travterr1"
  ],
  "log": "|j|\u2606testspaoa\n|j|\u2606travterr1\n|t:|1776312037\n|gametype|doubles\n|player|p1|testspaoa|265|1079\n|player|p2|travterr1|101|1137\n|gen|9\n|tier|[Gen 9 Champions] VGC 2026 Reg M-A\n|rated|\n|rule|Species Clause: Limit one of each Pok\u00e9mon\n|rule|Item Clause: Limit 1 of each item\n|clearpoke\n|poke|p1|Camerupt, L50, M|\n|poke|p1|Farigiraf, L50, M|\n|poke|p1|Blastoise, L50, F|\n|poke|p1|Gourgeist-*, L50, F|\n|poke|p1|Maushold, L50|\n|poke|p1|Oranguru, L50, M|\n|poke|p2|Chimecho, L50, M|\n|poke|p2|Vivillon-Pokeball, L50, M|\n|poke|p2|Tyranitar, L50, F|\n|poke|p2|Garchomp, L50, M|\n|poke|p2|Slowking-Galar, L50, F|\n|poke|p2|Rotom-Wash, L50|\n|teampreview|4\n|inactive|Battle timer is ON: inactive players will automatically lose when time's up. (requested by travterr1)\n|\n|t:|1776312093\n|teamsize|p1|4\n|teamsize|p2|4\n|start\n|switch|p1a: Gourgeist|Gourgeist-Super, L50, F|100/100\n|switch|p1b: Maushold|Maushold, L50|100/100\n|switch|p2a: Tyranitar|Tyranitar, L50, F, shiny|100/100\n|switch|p2b: Garchomp|Garchomp, L50, M, shiny|100/100\n|-weather|Sandstorm|[from] ability: Sand Stream|[of] p2a: Tyranitar\n|-item|p2a: Tyranitar|Chople Berry|[from] ability: Frisk|[of] p1a: Gourgeist\n|-item|p2b: Garchomp|Garchompite|[from] ability: Frisk|[of] p1a: Gourgeist\n|turn|1\n|\n|t:|1776312117\n|detailschange|p2b: Garchomp|Garchomp-Mega, L50, M, shiny\n|-mega|p2b: Garchomp|Garchomp|Garchompite\n|move|p1b: Maushold|Follow Me|p1b: Maushold\n|-singleturn|p1b: Maushold|move: Follow Me\n|move|p2b: Garchomp|Rock Slide|p1b: Maushold|[spread] p1a,p1b\n|-damage|p1a: Gourgeist|83/100\n|-damage|p1b: Maushold|52/100\n|move|p2a: Tyranitar|Crunch|p1b: Maushold\n|-damage|p1b: Maushold|0 fnt\n|faint|p1b: Maushold\n|cant|p1a: Gourgeist|flinch\n|\n|-weather|Sandstorm|[upkeep]\n|-damage|p1a: Gourgeist|77/100|[from] Sandstorm\n|upkeep\n|\n|t:|1776312133\n|switch|p1b: Camerupt|Camerupt, L50, M|100/100\n|turn|2\n|\n|t:|1776312140\n|detailschange|p1b: Camerupt|Camerupt-Mega, L50, M\n|-mega|p1b: Camerupt|Camerupt|Cameruptite\n|move|p2a: Tyranitar|Protect|p2a: Tyranitar\n|-singleturn|p2a: Tyranitar|Protect\n|move|p1a: Gourgeist|Protect|p1a: Gourgeist\n|-singleturn|p1a: Gourgeist|Protect\n|move|p2b: Garchomp|Earthquake|p1b: Camerupt|[spread] p1b\n|-activate|p2a: Tyranitar|move: Protect\n|-activate|p1a: Gourgeist|move: Protect\n|-supereffective|p1b: Camerupt|1\n|-damage|p1b: Camerupt|0 fnt\n|faint|p1b: Camerupt\n|\n|-weather|Sandstorm|[upkeep]\n|-damage|p1a: Gourgeist|71/100|[from] Sandstorm\n|upkeep\n|-message|testspaoa forfeited.\n|\n|win|travterr1\n|raw|testspaoa's rating: 1079 &rarr; <strong>1061</strong><br />(-18 for losing)\n|raw|travterr1's rating: 1137 &rarr; <strong>1158</strong><br />(+21 for winning)\n|l|\u2606testspaoa\n|player|p1|\n",
  "uploadtime": 1776312151,
  "views": 16,
  "formatid": "gen9championsvgc2026regma",
  "rating": 1061,
  "private": 0,
  "password": null
}