{
  "id": "gen9championsvgc2026regma-2584734855",
  "format": "[Gen 9 Champions] VGC 2026 Reg M-A",
  "players": [
    "cmacc24",
    "King L5"
  ],
  "log": "|j|\u2606cmacc24\n|j|\u2606King L5\n|t:|1776279942\n|gametype|doubles\n|player|p1|cmacc24|170|1405\n|player|p2|King L5|#dcliiinfernalarmory|1401\n|gen|9\n|tier|[Gen 9 Champions] VGC 2026 Reg M-A\n|rated|\n|rule|Species Clause: Limit one of each Pok\u00e9mon\n|rule|Item Clause: Limit 1 of each item\n|clearpoke\n|poke|p1|Cofagrigus, L50, F|\n|poke|p1|Scizor, L50, F|\n|poke|p1|Tyranitar, L50, M|\n|poke|p1|Sylveon, L50, M|\n|poke|p1|Hydrapple, L50, M|\n|poke|p1|Kangaskhan, L50, F|\n|poke|p2|Floette-Eternal, L50, F|\n|poke|p2|Incineroar, L50, F|\n|poke|p2|Sinistcha, L50|\n|poke|p2|Basculegion, L50, M|\n|poke|p2|Aerodactyl, L50, F|\n|poke|p2|Garchomp, L50, F|\n|teampreview|4\n|\n|t:|1776279978\n|teamsize|p1|4\n|teamsize|p2|4\n|start\n|switch|p1a: Cofagrigus|Cofagrigus, L50, F|100/100\n|switch|p1b: Scizor|Scizor, L50, F|100/100\n|switch|p2a: Floette|Floette-Eternal, L50, F|100/100\n|switch|p2b: Incineroar|Incineroar, L50, F|100/100\n|-ability|p2b: Incineroar|Intimidate|boost\n|-unboost|p1a: Cofagrigus|atk|1\n|-unboost|p1b: Scizor|atk|1\n|turn|1\n|inactive|Battle timer is ON: inactive players will automatically lose when time's up. (requested by cmacc24)\n|\n|t:|1776280007\n|detailschange|p2a: Floette|Floette-Mega, L50, F\n|-mega|p2a: Floette|Floette|Floettite\n|-ability|p2a: Floette|Fairy Aura\n|detailschange|p1b: Scizor|Scizor-Mega, L50, F\n|-mega|p1b: Scizor|Scizor|Scizorite\n|move|p1b: Scizor|Bullet Punch|p2a: Floette\n|-supereffective|p2a: Floette|1\n|-damage|p2a: Floette|56/100\n|move|p2a: Floette|Moonblast|p1a: Cofagrigus\n|-damage|p1a: Cofagrigus|42/100\n|move|p2b: Incineroar|Darkest Lariat|p1a: Cofagrigus\n|-supereffective|p1a: Cofagrigus|1\n|-damage|p1a: Cofagrigus|0 fnt\n|-activate|p1a: Cofagrigus|ability: Mummy|p2b: Incineroar|[ability] Intimidate\n|faint|p1a: Cofagrigus\n|\n|upkeep\n|\n|t:|1776280029\n|switch|p1a: Sylveon|Sylveon, L50, M|100/100\n|turn|2\n|inactive|King L5 has 30 seconds left.\n|inactive|King L5 has 20 seconds left.\n|inactive|King L5 has 15 seconds left.\n|inactive|King L5 has 10 seconds left.\n|\n|t:|1776280077\n|move|p2a: Floette|Protect|p2a: Floette\n|-singleturn|p2a: Floette|Protect\n|move|p1b: Scizor|U-turn|p2a: Floette\n|-activate|p2a: Floette|move: Protect\n|move|p2b: Incineroar|Flare Blitz|p1b: Scizor\n|-supereffective|p1b: Scizor|2\n|-crit|p1b: Scizor\n|-damage|p1b: Scizor|0 fnt\n|faint|p1b: Scizor\n|-damage|p2b: Incineroar|72/100|[from] Recoil\n|move|p1a: Sylveon|Hyper Voice|p2a: Floette|[spread] p2b\n|-activate|p2a: Floette|move: Protect\n|-damage|p2b: Incineroar|27/100\n|-enditem|p2b: Incineroar|Sitrus Berry|[eat]\n|-heal|p2b: Incineroar|52/100|[from] item: Sitrus Berry\n|\n|upkeep\n|-message|cmacc24 forfeited.\n|\n|win|King L5\n|raw|cmacc24's rating: 1405 &rarr; <strong>1385</strong><br />(-20 for losing)\n|raw|King L5's rating: 1401 &rarr; <strong>1421</strong><br />(+20 for winning)\n|l|\u2606cmacc24\n|player|p1|\n",
  "uploadtime": 1776280097,
  "views": 45,
  "formatid": "gen9championsvgc2026regma",
  "rating": 1385,
  "private": 0,
  "password": null
}