{
  "id": "gen9championsvgc2026regma-2587971881",
  "format": "[Gen 9 Champions] VGC 2026 Reg M-A",
  "players": [
    "VierVier",
    "Scaramouche_UwU6"
  ],
  "log": "|j|\u2606VierVier\n|j|\u2606Scaramouche_UwU6\n|t:|1776586852\n|gametype|doubles\n|player|p1|VierVier|1|1150\n|player|p2|Scaramouche_UwU6|zinzolin|1182\n|gen|9\n|tier|[Gen 9 Champions] VGC 2026 Reg M-A\n|rated|\n|rule|Species Clause: Limit one of each Pok\u00e9mon\n|rule|Item Clause: Limit 1 of each item\n|clearpoke\n|poke|p1|Espathra, L50, M|\n|poke|p1|Charizard, L50, M|\n|poke|p1|Froslass, L50, F|\n|poke|p1|Maushold, L50|\n|poke|p1|Ceruledge, L50, M|\n|poke|p1|Meowscarada, L50, M|\n|poke|p2|Starmie, L50, shiny|\n|poke|p2|Hydreigon, L50, M, shiny|\n|poke|p2|Aegislash, L50, M|\n|poke|p2|Ninetales-Alola, L50, F|\n|poke|p2|Arcanine-Hisui, L50, M|\n|poke|p2|Pidgeot, L50, F|\n|teampreview|4\n|inactive|Battle timer is ON: inactive players will automatically lose when time's up. (requested by VierVier)\n|\n|t:|1776586891\n|teamsize|p1|4\n|teamsize|p2|4\n|start\n|switch|p1a: Espathra|Espathra, L50, M|100/100\n|switch|p1b: Maushold|Maushold, L50|100/100\n|switch|p2a: Arcanine|Arcanine-Hisui, L50, M|100/100\n|switch|p2b: Hydreigon|Hydreigon, L50, M, shiny|100/100\n|-ability|p2a: Arcanine|Intimidate|boost\n|-unboost|p1a: Espathra|atk|1\n|-unboost|p1b: Maushold|atk|1\n|turn|1\n|\n|t:|1776586910\n|move|p1a: Espathra|Protect|p1a: Espathra\n|-singleturn|p1a: Espathra|Protect\n|move|p1b: Maushold|Population Bomb|p2b: Hydreigon\n|-damage|p2b: Hydreigon|97/100\n|-damage|p2b: Hydreigon|93/100\n|-damage|p2b: Hydreigon|90/100\n|-damage|p2b: Hydreigon|86/100\n|-damage|p2b: Hydreigon|82/100\n|-damage|p2b: Hydreigon|78/100\n|-damage|p2b: Hydreigon|75/100\n|-damage|p2b: Hydreigon|71/100\n|-damage|p2b: Hydreigon|68/100\n|-damage|p2b: Hydreigon|64/100\n|-hitcount|p2b: Hydreigon|10\n|move|p2a: Arcanine|Rock Slide|p1a: Espathra|[spread] p1b\n|-activate|p1a: Espathra|move: Protect\n|-damage|p1b: Maushold|66/100\n|move|p2b: Hydreigon|Tailwind|p2b: Hydreigon\n|-sidestart|p2: Scaramouche_UwU6|move: Tailwind\n|\n|-ability|p1a: Espathra|Speed Boost|boost\n|-boost|p1a: Espathra|spe|1\n|upkeep\n|turn|2\n|\n|t:|1776586935\n|move|p1b: Maushold|Follow Me|p1b: Maushold\n|-singleturn|p1b: Maushold|move: Follow Me\n|move|p2a: Arcanine|Rock Slide|p1a: Espathra|[spread] p1a\n|-miss|p2a: Arcanine|p1b: Maushold\n|-damage|p1a: Espathra|68/100\n|move|p2b: Hydreigon|Snarl|p1a: Espathra|[spread] p1a,p1b\n|-supereffective|p1a: Espathra|1\n|-damage|p1a: Espathra|19/100\n|-damage|p1b: Maushold|40/100\n|-unboost|p1a: Espathra|spa|1\n|-unboost|p1b: Maushold|spa|1\n|move|p1a: Espathra|Calm Mind|p1a: Espathra\n|-boost|p1a: Espathra|spa|1\n|-boost|p1a: Espathra|spd|1\n|\n|-ability|p1a: Espathra|Speed Boost|boost\n|-boost|p1a: Espathra|spe|1\n|upkeep\n|turn|3\n|inactive|VierVier has 30 seconds left.\n|\n|t:|1776586964\n|move|p1a: Espathra|Protect|p1a: Espathra\n|-singleturn|p1a: Espathra|Protect\n|move|p1b: Maushold|Protect|p1b: Maushold\n|-singleturn|p1b: Maushold|Protect\n|move|p2a: Arcanine|Extreme Speed|p1a: Espathra\n|-activate|p1a: Espathra|move: Protect\n|move|p2b: Hydreigon|Snarl|p1a: Espathra|[spread] \n|-activate|p1a: Espathra|move: Protect\n|-activate|p1b: Maushold|move: Protect\n|\n|-ability|p1a: Espathra|Speed Boost|boost\n|-boost|p1a: Espathra|spe|1\n|upkeep\n|turn|4\n|\n|t:|1776586979\n|move|p1b: Maushold|Follow Me|p1b: Maushold\n|-singleturn|p1b: Maushold|move: Follow Me\n|move|p1a: Espathra|Baton Pass|p1a: Espathra\n|\n|t:|1776586983\n|switch|p1a: Froslass|Froslass, L50, F|100/100|[from] Baton Pass\n|move|p2a: Arcanine|Rock Slide|p1a: Froslass|[spread] p1a,p1b\n|-supereffective|p1a: Froslass|1\n|-damage|p1a: Froslass|32/100\n|-damage|p1b: Maushold|7/100\n|move|p2b: Hydreigon|Snarl|p1b: Maushold|[spread] p1a,p1b\n|-supereffective|p1a: Froslass|1\n|-damage|p1a: Froslass|0 fnt\n|-damage|p1b: Maushold|0 fnt\n|faint|p1a: Froslass\n|faint|p1b: Maushold\n|\n|-sideend|p2: Scaramouche_UwU6|move: Tailwind\n|upkeep\n|-message|VierVier forfeited.\n|\n|win|Scaramouche_UwU6\n|raw|VierVier's rating: 1150 &rarr; <strong>1127</strong><br />(-23 for losing)\n|raw|Scaramouche_UwU6's rating: 1182 &rarr; <strong>1205</strong><br />(+23 for winning)\n|l|\u2606VierVier\n|player|p1|\n|j| porygon-epilepz\n",
  "uploadtime": 1776586998,
  "views": 8,
  "formatid": "gen9championsvgc2026regma",
  "rating": 1127,
  "private": 0,
  "password": null
}