{
  "id": "gen9championsvgc2026regma-2583121683",
  "format": "[Gen 9 Champions] VGC 2026 Reg M-A",
  "players": [
    "johnreborn",
    "Chloecy"
  ],
  "log": "|j|\u2606johnreborn\n|j|\u2606Chloecy\n|t:|1776144577\n|gametype|doubles\n|player|p1|johnreborn|emma-lza|1188\n|player|p2|Chloecy|2|1138\n|gen|9\n|tier|[Gen 9 Champions] VGC 2026 Reg M-A\n|rated|\n|rule|Species Clause: Limit one of each Pok\u00e9mon\n|rule|Item Clause: Limit 1 of each item\n|clearpoke\n|poke|p1|Aggron, L50, M|\n|poke|p1|Sinistcha, L50|\n|poke|p1|Pelipper, L50, M|\n|poke|p1|Basculegion, L50, M|\n|poke|p1|Archaludon, L50, F|\n|poke|p1|Incineroar, L50, F|\n|poke|p2|Ceruledge, L50, M|\n|poke|p2|Aerodactyl, L50, M|\n|poke|p2|Hydreigon, L50, F|\n|poke|p2|Maushold-Four, L50|\n|poke|p2|Sinistcha-Masterpiece, L50|\n|poke|p2|Garchomp, L50, M|\n|teampreview|4\n|inactive|Battle timer is ON: inactive players will automatically lose when time's up. (requested by Chloecy)\n|\n|t:|1776144602\n|teamsize|p1|4\n|teamsize|p2|4\n|start\n|switch|p1a: Pelipper|Pelipper, L50, M|100/100\n|switch|p1b: Basculegion|Basculegion, L50, M|100/100\n|switch|p2a: Ceruledge|Ceruledge, L50, M|100/100\n|switch|p2b: Maushold|Maushold-Four, L50|100/100\n|-weather|RainDance|[from] ability: Drizzle|[of] p1a: Pelipper\n|turn|1\n|inactive|Chloecy has 30 seconds left.\n|inactive|johnreborn has 30 seconds left.\n|inactive|Chloecy has 20 seconds left.\n|inactive|Chloecy has 15 seconds left.\n|inactive|Chloecy has 10 seconds left.\n|inactive|Chloecy has 5 seconds left.\n|\n|t:|1776144657\n|move|p1b: Basculegion|Wave Crash|p2a: Ceruledge\n|-supereffective|p2a: Ceruledge|1\n|-damage|p2a: Ceruledge|0 fnt\n|faint|p2a: Ceruledge\n|-damage|p1b: Basculegion|70/100|[from] Recoil\n|move|p1a: Pelipper|Weather Ball|p2b: Maushold\n|-damage|p2b: Maushold|26/100\n|move|p2b: Maushold|Super Fang|p1b: Basculegion\n|-immune|p1b: Basculegion\n|\n|-weather|RainDance|[upkeep]\n|upkeep\n|-message|Chloecy forfeited.\n|\n|win|johnreborn\n|raw|johnreborn's rating: 1188 &rarr; <strong>1209</strong><br />(+21 for winning)\n|raw|Chloecy's rating: 1138 &rarr; <strong>1117</strong><br />(-21 for losing)\n|l|\u2606Chloecy\n|player|p2|\n",
  "uploadtime": 1776144671,
  "views": 18,
  "formatid": "gen9championsvgc2026regma",
  "rating": 1117,
  "private": 0,
  "password": null
}