{
  "id": "gen9championsvgc2026regma-2588468705",
  "format": "[Gen 9 Champions] VGC 2026 Reg M-A",
  "players": [
    "Zolrain",
    "yetiwaker"
  ],
  "log": "|j|\u2606Zolrain\n|j|\u2606yetiwaker\n|t:|1776636236\n|gametype|doubles\n|player|p1|Zolrain|1|1145\n|player|p2|yetiwaker|170|1050\n|gen|9\n|tier|[Gen 9 Champions] VGC 2026 Reg M-A\n|rated|\n|rule|Species Clause: Limit one of each Pok\u00e9mon\n|rule|Item Clause: Limit 1 of each item\n|clearpoke\n|poke|p1|Manectric, L50, F|\n|poke|p1|Liepard, L50, M|\n|poke|p1|Farigiraf, L50, F|\n|poke|p1|Milotic, L50, M|\n|poke|p1|Sinistcha-Masterpiece, L50|\n|poke|p1|Garchomp, L50, F|\n|poke|p2|Farigiraf, L50, M|\n|poke|p2|Camerupt, L50, F|\n|poke|p2|Sableye, L50, F|\n|poke|p2|Clawitzer, L50, M|\n|poke|p2|Incineroar, L50, M|\n|poke|p2|Jolteon, L50, M|\n|teampreview|4\n|inactive|Battle timer is ON: inactive players will automatically lose when time's up. (requested by yetiwaker)\n|\n|t:|1776636266\n|teamsize|p1|4\n|teamsize|p2|4\n|start\n|switch|p1a: Manectric|Manectric, L50, F|100/100\n|switch|p1b: Farigiraf|Farigiraf, L50, F|100/100\n|switch|p2a: Farigiraf|Farigiraf, L50, M|100/100\n|switch|p2b: Camerupt|Camerupt, L50, F|100/100\n|turn|1\n|inactive|yetiwaker has 30 seconds left.\n|\n|t:|1776636294\n|detailschange|p1a: Manectric|Manectric-Mega, L50, F\n|-mega|p1a: Manectric|Manectric|Manectite\n|-ability|p1a: Manectric|Intimidate|boost\n|-unboost|p2a: Farigiraf|atk|1\n|-unboost|p2b: Camerupt|atk|1\n|detailschange|p2b: Camerupt|Camerupt-Mega, L50, F\n|-mega|p2b: Camerupt|Camerupt|Cameruptite\n|move|p2a: Farigiraf|Helping Hand|p2b: Camerupt\n|-singleturn|p2b: Camerupt|Helping Hand|[of] p2a: Farigiraf\n|move|p1a: Manectric|Volt Switch|p2a: Farigiraf\n|-damage|p2a: Farigiraf|63/100\n|\n|t:|1776636303\n|switch|p1a: Milotic|Milotic, L50, M|100/100|[from] Volt Switch\n|move|p1b: Farigiraf|Twin Beam|p2b: Camerupt\n|-damage|p2b: Camerupt|80/100\n|-damage|p2b: Camerupt|58/100\n|-hitcount|p2b: Camerupt|2\n|move|p2b: Camerupt|Earth Power|p1a: Milotic\n|-damage|p1a: Milotic|27/100\n|\n|-heal|p1a: Milotic|33/100|[from] item: Leftovers\n|upkeep\n|turn|2\n|\n|t:|1776636320\n|move|p2b: Camerupt|Protect|p2b: Camerupt\n|-singleturn|p2b: Camerupt|Protect\n|move|p1a: Milotic|Scald|p2b: Camerupt\n|-activate|p2b: Camerupt|move: Protect\n|move|p1b: Farigiraf|Imprison|p1b: Farigiraf\n|-start|p1b: Farigiraf|move: Imprison\n|cant|p2a: Farigiraf|move: Imprison|Hyper Voice\n|\n|-heal|p1a: Milotic|39/100|[from] item: Leftovers\n|upkeep\n|turn|3\n|\n|t:|1776636342\n|switch|p2a: Clawitzer|Clawitzer, L50, M|100/100\n|switch|p2b: Incineroar|Incineroar, L50, M|100/100\n|-ability|p2b: Incineroar|Intimidate|boost\n|-unboost|p1a: Milotic|atk|1\n|-ability|p1a: Milotic|Competitive|boost\n|-boost|p1a: Milotic|spa|2\n|-unboost|p1b: Farigiraf|atk|1\n|move|p1a: Milotic|Recover|p1a: Milotic\n|-heal|p1a: Milotic|89/100\n|move|p1b: Farigiraf|Hyper Voice|p2b: Incineroar|[spread] p2a,p2b\n|-crit|p2b: Incineroar\n|-damage|p2a: Clawitzer|60/100\n|-damage|p2b: Incineroar|58/100\n|\n|-heal|p1a: Milotic|95/100|[from] item: Leftovers\n|upkeep\n|turn|4\n|\n|t:|1776636362\n|move|p2b: Incineroar|Fake Out||[still]\n|cant|p1b: Farigiraf|ability: Armor Tail|Fake Out|[of] p2b: Incineroar\n|move|p1a: Milotic|Scald|p2b: Incineroar\n|-supereffective|p2b: Incineroar|1\n|-damage|p2b: Incineroar|0 fnt\n|faint|p2b: Incineroar\n|move|p1b: Farigiraf|Hyper Voice|p2a: Clawitzer\n|-damage|p2a: Clawitzer|13/100\n|-enditem|p2a: Clawitzer|Sitrus Berry|[eat]\n|-heal|p2a: Clawitzer|38/100|[from] item: Sitrus Berry\n|move|p2a: Clawitzer|Dark Pulse|p1b: Farigiraf\n|-supereffective|p1b: Farigiraf|1\n|-enditem|p1b: Farigiraf|Colbur Berry|[eat]\n|-enditem|p1b: Farigiraf|Colbur Berry|[weaken]\n|-damage|p1b: Farigiraf|49/100\n|\n|-heal|p1a: Milotic|100/100|[from] item: Leftovers\n|upkeep\n|c|\u2606Zolrain|brother\n|-message|yetiwaker forfeited.\n|\n|win|Zolrain\n|raw|Zolrain's rating: 1145 &rarr; <strong>1163</strong><br />(+18 for winning)\n|raw|yetiwaker's rating: 1050 &rarr; <strong>1037</strong><br />(-13 for losing)\n|l|\u2606yetiwaker\n|player|p2|\n|c|\u2606Zolrain|u have a farigiraf\n|c|\u2606Zolrain|why would you fake out\n",
  "uploadtime": 1776636401,
  "views": 12,
  "formatid": "gen9championsvgc2026regma",
  "rating": 1037,
  "private": 0,
  "password": null
}