{
  "id": "gen9championsvgc2026regma-2588939844",
  "format": "[Gen 9 Champions] VGC 2026 Reg M-A",
  "players": [
    "mizutiga",
    "mensy"
  ],
  "log": "|j|\u2606mizutiga\n|j|\u2606mensy\n|t:|1776687839\n|gametype|doubles\n|player|p1|mizutiga|266|1042\n|player|p2|mensy|2|1000\n|gen|9\n|tier|[Gen 9 Champions] VGC 2026 Reg M-A\n|rated|\n|rule|Species Clause: Limit one of each Pok\u00e9mon\n|rule|Item Clause: Limit 1 of each item\n|clearpoke\n|poke|p1|Serperior, L50, M, shiny|\n|poke|p1|Incineroar, L50, M|\n|poke|p1|Tauros-Paldea-Aqua, L50, M|\n|poke|p1|Pelipper, L50, F|\n|poke|p1|Dragonite, L50, F|\n|poke|p1|Milotic, L50, M|\n|poke|p2|Floette-Eternal, L50, F|\n|poke|p2|Orthworm, L50, M|\n|poke|p2|Garchomp, L50, F|\n|poke|p2|Incineroar, L50, M|\n|poke|p2|Dragonite, L50, M|\n|poke|p2|Sinistcha, L50|\n|teampreview|4\n|inactive|Battle timer is ON: inactive players will automatically lose when time's up. (requested by mensy)\n|inactive|mizutiga has 60 seconds left.\n|\n|t:|1776687889\n|teamsize|p1|4\n|teamsize|p2|4\n|start\n|switch|p1a: Pelipper|Pelipper, L50, F|100/100\n|switch|p1b: Milotic|Milotic, L50, M|100/100\n|switch|p2a: Orthworm|Orthworm, L50, M|100/100\n|switch|p2b: Incineroar|Incineroar, L50, M|100/100\n|-weather|RainDance|[from] ability: Drizzle|[of] p1a: Pelipper\n|-ability|p2b: Incineroar|Intimidate|boost\n|-unboost|p1a: Pelipper|atk|1\n|-unboost|p1b: Milotic|atk|1\n|-ability|p1b: Milotic|Competitive|boost\n|-boost|p1b: Milotic|spa|2\n|turn|1\n|\n|t:|1776687903\n|move|p2b: Incineroar|Fake Out|p1b: Milotic\n|-damage|p1b: Milotic|93/100\n|cant|p1b: Milotic|flinch\n|move|p1a: Pelipper|Weather Ball|p2a: Orthworm\n|-damage|p2a: Orthworm|46/100\n|-enditem|p2a: Orthworm|Sitrus Berry|[eat]\n|-heal|p2a: Orthworm|71/100|[from] item: Sitrus Berry\n|move|p2a: Orthworm|Shed Tail|p2a: Orthworm\n|-start|p2a: Orthworm|Substitute|[from] move: Shed Tail\n|-damage|p2a: Orthworm|21/100\n|\n|t:|1776687915\n|switch|p2a: Garchomp|Garchomp, L50, F|100/100|[from] Shed Tail\n|\n|-weather|RainDance|[upkeep]\n|-heal|p1b: Milotic|99/100|[from] item: Leftovers\n|upkeep\n|turn|2\n|\n|t:|1776687926\n|switch|p2b: Orthworm|Orthworm, L50, M|21/100\n|move|p2a: Garchomp|Earthquake|p1b: Milotic|[spread] p1b\n|-heal|p2b: Orthworm|46/100|[from] ability: Earth Eater|[of] p2a: Garchomp\n|-immune|p1a: Pelipper\n|-damage|p1b: Milotic|72/100\n|move|p1b: Milotic|Muddy Water|p2a: Garchomp|[spread] p2a,p2b\n|-end|p2a: Garchomp|Substitute\n|-damage|p2b: Orthworm|0 fnt\n|faint|p2b: Orthworm\n|move|p1a: Pelipper|Weather Ball|p2a: Garchomp\n|-damage|p2a: Garchomp|42/100\n|\n|-weather|RainDance|[upkeep]\n|-heal|p1b: Milotic|78/100|[from] item: Leftovers\n|upkeep\n|\n|t:|1776687938\n|switch|p2b: Dragonite|Dragonite, L50, M|100/100\n|turn|3\n|\n|t:|1776687950\n|detailschange|p2b: Dragonite|Dragonite-Mega, L50, M\n|-mega|p2b: Dragonite|Dragonite|Dragoninite\n|move|p2a: Garchomp|Rock Tomb|p1a: Pelipper\n|-supereffective|p1a: Pelipper|1\n|-damage|p1a: Pelipper|71/100\n|-unboost|p1a: Pelipper|spe|1\n|move|p2b: Dragonite|Air Slash|p1b: Milotic\n|-damage|p1b: Milotic|50/100\n|move|p1b: Milotic|Alluring Voice|p2b: Dragonite\n|-supereffective|p2b: Dragonite|1\n|-damage|p2b: Dragonite|76/100\n|move|p1a: Pelipper|Weather Ball|p2a: Garchomp\n|-damage|p2a: Garchomp|0 fnt\n|faint|p2a: Garchomp\n|\n|-weather|RainDance|[upkeep]\n|-heal|p1b: Milotic|55/100|[from] item: Leftovers\n|upkeep\n|\n|t:|1776687961\n|switch|p2a: Incineroar|Incineroar, L50, M|100/100\n|-ability|p2a: Incineroar|Intimidate|boost\n|-unboost|p1a: Pelipper|atk|1\n|-unboost|p1b: Milotic|atk|1\n|-ability|p1b: Milotic|Competitive|boost\n|-boost|p1b: Milotic|spa|2\n|turn|4\n|-message|mensy forfeited.\n|\n|win|mizutiga\n|raw|mizutiga's rating: 1042 &rarr; <strong>1072</strong><br />(+30 for winning)\n|raw|mensy's rating: 1000 &rarr; <strong>1000</strong><br />(+0 for losing)\n|l|\u2606mensy\n|player|p2|\n",
  "uploadtime": 1776687977,
  "views": 11,
  "formatid": "gen9championsvgc2026regma",
  "rating": 1000,
  "private": 0,
  "password": null
}