{
  "id": "gen9championsvgc2026regma-2583195247",
  "format": "[Gen 9 Champions] VGC 2026 Reg M-A",
  "players": [
    "RandomGuyInSchool",
    "maybe0"
  ],
  "log": "|j|\u2606RandomGuyInSchool\n|j|\u2606maybe0\n|t:|1776153419\n|gametype|doubles\n|player|p1|RandomGuyInSchool|schoolkid-gen4|1045\n|player|p2|maybe0|blaine|1049\n|gen|9\n|tier|[Gen 9 Champions] VGC 2026 Reg M-A\n|rated|\n|rule|Species Clause: Limit one of each Pok\u00e9mon\n|rule|Item Clause: Limit 1 of each item\n|clearpoke\n|poke|p1|Rotom-Wash, L50|\n|poke|p1|Incineroar, L50, M|\n|poke|p1|Sinistcha, L50|\n|poke|p1|Drampa, L50, M|\n|poke|p1|Gallade, L50, M|\n|poke|p1|Gengar, L50, F|\n|poke|p2|Incineroar, L50, M|\n|poke|p2|Hatterene, L50, F|\n|poke|p2|Farigiraf, L50, M|\n|poke|p2|Torkoal, L50, M|\n|poke|p2|Kingambit, L50, F|\n|poke|p2|Charizard, L50, M|\n|teampreview|4\n|inactive|Battle timer is ON: inactive players will automatically lose when time's up. (requested by maybe0)\n|inactive|RandomGuyInSchool also wants the timer to be on.\nmaybe0 rejected open team sheets.\n|inactive|RandomGuyInSchool has 60 seconds left.\n|inactive|maybe0 has 60 seconds left.\n|\n|t:|1776153456\n|teamsize|p1|4\n|teamsize|p2|4\n|start\n|switch|p1a: Drampa|Drampa, L50, M|100/100\n|switch|p1b: Rotom|Rotom-Wash, L50|100/100\n|switch|p2a: Farigiraf|Farigiraf, L50, M|100/100\n|switch|p2b: Charizard|Charizard, L50, M|100/100\n|turn|1\n|\n|t:|1776153476\n|detailschange|p1a: Drampa|Drampa-Mega, L50, M\n|-mega|p1a: Drampa|Drampa|Drampanite\n|move|p2b: Charizard|Protect|p2b: Charizard\n|-singleturn|p2b: Charizard|Protect\n|move|p1b: Rotom|Volt Switch|p2b: Charizard\n|-activate|p2b: Charizard|move: Protect\n|move|p2a: Farigiraf|Hyper Voice|p1b: Rotom|[spread] p1a,p1b\n|-crit|p1b: Rotom\n|-damage|p1a: Drampa|72/100\n|-damage|p1b: Rotom|51/100\n|move|p1a: Drampa|Calm Mind|p1a: Drampa\n|-boost|p1a: Drampa|spa|1\n|-boost|p1a: Drampa|spd|1\n|\n|upkeep\n|turn|2\n|inactive|RandomGuyInSchool has 30 seconds left.\n|\n|t:|1776153503\n|detailschange|p2b: Charizard|Charizard-Mega-Y, L50, M\n|-mega|p2b: Charizard|Charizard|Charizardite Y\n|-weather|SunnyDay|[from] ability: Drought|[of] p2b: Charizard\n|move|p1b: Rotom|Volt Switch|p2b: Charizard\n|-supereffective|p2b: Charizard|1\n|-damage|p2b: Charizard|49/100\n|\n|t:|1776153510\n|switch|p1b: Incineroar|Incineroar, L50, M|100/100|[from] Volt Switch\n|-ability|p1b: Incineroar|Intimidate|boost\n|-unboost|p2a: Farigiraf|atk|1\n|-unboost|p2b: Charizard|atk|1\n|move|p2b: Charizard|Solar Beam||[still]\n|-prepare|p2b: Charizard|Solar Beam\n|-anim|p2b: Charizard|Solar Beam|p1b: Incineroar\n|-resisted|p1b: Incineroar|1\n|-damage|p1b: Incineroar|76/100\n|move|p1a: Drampa|Hyper Voice|p2a: Farigiraf|[spread] p2a,p2b\n|-damage|p2a: Farigiraf|38/100\n|-damage|p2b: Charizard|0 fnt\n|-enditem|p2a: Farigiraf|Sitrus Berry|[eat]\n|-heal|p2a: Farigiraf|62/100|[from] item: Sitrus Berry\n|faint|p2b: Charizard\n|move|p2a: Farigiraf|Trick Room|p2a: Farigiraf\n|-fieldstart|move: Trick Room|[of] p2a: Farigiraf\n|\n|-weather|SunnyDay|[upkeep]\n|upkeep\n|\n|t:|1776153519\n|switch|p2b: Kingambit|Kingambit, L50, F|100/100\n|turn|3\n|\n|t:|1776153533\n|move|p1b: Incineroar|Helping Hand|p1a: Drampa\n|-singleturn|p1a: Drampa|Helping Hand|[of] p1b: Incineroar\n|move|p1a: Drampa|Earth Power|p2b: Kingambit\n|-supereffective|p2b: Kingambit|1\n|-damage|p2b: Kingambit|0 fnt\n|faint|p2b: Kingambit\n|move|p2a: Farigiraf|Hyper Voice|p1a: Drampa|[spread] p1a,p1b\n|-damage|p1a: Drampa|55/100\n|-damage|p1b: Incineroar|43/100\n|\n|-weather|SunnyDay|[upkeep]\n|upkeep\n|\n|t:|1776153539\n|switch|p2b: Torkoal|Torkoal, L50, M|100/100\n|turn|4\n|\n|t:|1776153549\n|move|p1b: Incineroar|Helping Hand|p1a: Drampa\n|-singleturn|p1a: Drampa|Helping Hand|[of] p1b: Incineroar\n|move|p2b: Torkoal|Eruption|p1b: Incineroar|[spread] p1a,p1b\n|-resisted|p1a: Drampa|1\n|-resisted|p1b: Incineroar|1\n|-damage|p1a: Drampa|31/100\n|-damage|p1b: Incineroar|0 fnt\n|faint|p1b: Incineroar\n|-ability|p1a: Drampa|Berserk|boost\n|-boost|p1a: Drampa|spa|1\n|move|p1a: Drampa|Hyper Voice|p2b: Torkoal|[spread] p2a,p2b\n|-damage|p2a: Farigiraf|0 fnt\n|-damage|p2b: Torkoal|0 fnt\n|faint|p2a: Farigiraf\n|faint|p2b: Torkoal\n|\n|win|RandomGuyInSchool\n|raw|RandomGuyInSchool's rating: 1045 &rarr; <strong>1079</strong><br />(+34 for winning)\n|raw|maybe0's rating: 1049 &rarr; <strong>1031</strong><br />(-18 for losing)\n|l|\u2606maybe0\n|player|p2|\n",
  "uploadtime": 1776153564,
  "views": 19,
  "formatid": "gen9championsvgc2026regma",
  "rating": 1031,
  "private": 0,
  "password": null
}