{
  "id": "gen9championsvgc2026regma-2584783560",
  "format": "[Gen 9 Champions] VGC 2026 Reg M-A",
  "players": [
    "LordOfJugs",
    "Kian1104"
  ],
  "log": "|j|\u2606LordOfJugs\n|j|\u2606Kian1104\n|t:|1776283369\n|gametype|doubles\n|player|p1|LordOfJugs|lady|1046\n|player|p2|Kian1104|102|1097\n|gen|9\n|tier|[Gen 9 Champions] VGC 2026 Reg M-A\n|rated|\n|rule|Species Clause: Limit one of each Pok\u00e9mon\n|rule|Item Clause: Limit 1 of each item\n|clearpoke\n|poke|p1|Oranguru, L50, F|\n|poke|p1|Meowstic, L50, M|\n|poke|p1|Crabominable, L50, F|\n|poke|p1|Slowbro-Galar, L50, M|\n|poke|p1|Armarouge, L50, F|\n|poke|p1|Torkoal, L50, M|\n|poke|p2|Farigiraf, L50, F|\n|poke|p2|Aggron, L50, F|\n|poke|p2|Kingambit, L50, F|\n|poke|p2|Bellibolt, L50, M|\n|poke|p2|Garchomp, L50, F|\n|poke|p2|Sinistcha, L50|\n|teampreview|4\n|\n|t:|1776283394\n|teamsize|p1|4\n|teamsize|p2|4\n|start\n|switch|p1a: Oranguru|Oranguru, L50, F|100/100\n|switch|p1b: Torkoal|Torkoal, L50, M|100/100\n|switch|p2a: Kingambit|Kingambit, L50, F|100/100\n|switch|p2b: Aggron|Aggron, L50, F|100/100\n|-weather|SunnyDay|[from] ability: Drought|[of] p1b: Torkoal\n|turn|1\n|\n|t:|1776283414\n|detailschange|p2b: Aggron|Aggron-Mega, L50, F\n|-mega|p2b: Aggron|Aggron|Aggronite\n|move|p1b: Torkoal|Protect|p1b: Torkoal\n|-singleturn|p1b: Torkoal|Protect\n|move|p2b: Aggron|Rock Slide|p1a: Oranguru|[spread] p1a\n|-activate|p1b: Torkoal|move: Protect\n|-damage|p1a: Oranguru|84/100\n|move|p2a: Kingambit|Swords Dance|p2a: Kingambit\n|-boost|p2a: Kingambit|atk|2\n|move|p1a: Oranguru|Trick Room|p1a: Oranguru\n|-fieldstart|move: Trick Room|[of] p1a: Oranguru\n|\n|-weather|SunnyDay|[upkeep]\n|upkeep\n|turn|2\n|\n|t:|1776283469\n|switch|p2b: Bellibolt|Bellibolt, L50, M|100/100\n|move|p2a: Kingambit|Sucker Punch||[still]\n|-fail|p2a: Kingambit\n|move|p1b: Torkoal|Eruption|p2b: Bellibolt|[spread] p2a,p2b\n|-supereffective|p2a: Kingambit|1\n|-enditem|p2a: Kingambit|Focus Sash\n|-damage|p2a: Kingambit|1/100\n|-damage|p2b: Bellibolt|25/100\n|-start|p2b: Bellibolt|Charge|Eruption|[from] ability: Electromorphosis\n|-enditem|p2b: Bellibolt|Sitrus Berry|[eat]\n|-heal|p2b: Bellibolt|50/100|[from] item: Sitrus Berry\n|move|p1a: Oranguru|Instruct|p1b: Torkoal\n|-singleturn|p1b: Torkoal|move: Instruct|[of] p1a: Oranguru\n|move|p1b: Torkoal|Eruption|p2b: Bellibolt|[spread] p2a,p2b\n|-supereffective|p2a: Kingambit|1\n|-damage|p2a: Kingambit|0 fnt\n|-damage|p2b: Bellibolt|0 fnt\n|faint|p2a: Kingambit\n|faint|p2b: Bellibolt\n|\n|-weather|SunnyDay|[upkeep]\n|upkeep\n|\n|t:|1776283493\n|switch|p2b: Aggron|Aggron-Mega, L50, F|100/100\n|switch|p2a: Farigiraf|Farigiraf, L50, F|100/100\n|turn|3\n|\n|t:|1776283512\n|move|p1b: Torkoal|Eruption|p2b: Aggron|[spread] p2a,p2b\n|-supereffective|p2b: Aggron|1\n|-damage|p2a: Farigiraf|9/100\n|-damage|p2b: Aggron|0 fnt\n|faint|p2b: Aggron\n|move|p1a: Oranguru|Instruct|p1b: Torkoal\n|-singleturn|p1b: Torkoal|move: Instruct|[of] p1a: Oranguru\n|move|p1b: Torkoal|Eruption|p2a: Farigiraf\n|-damage|p2a: Farigiraf|0 fnt\n|faint|p2a: Farigiraf\n|\n|win|LordOfJugs\n|raw|LordOfJugs's rating: 1046 &rarr; <strong>1084</strong><br />(+38 for winning)\n|raw|Kian1104's rating: 1097 &rarr; <strong>1069</strong><br />(-28 for losing)\n|l|\u2606Kian1104\n|player|p2|\n",
  "uploadtime": 1776283523,
  "views": 21,
  "formatid": "gen9championsvgc2026regma",
  "rating": 1069,
  "private": 0,
  "password": null
}