{
  "id": "gen9championsvgc2026regma-2588052802",
  "format": "[Gen 9 Champions] VGC 2026 Reg M-A",
  "players": [
    "Lopvd",
    "Average Parmesan"
  ],
  "log": "|j|\u2606Lopvd\n|j|\u2606Average Parmesan\n|t:|1776598481\n|gametype|doubles\n|player|p1|Lopvd|lucas-gen4pt|1125\n|player|p2|Average Parmesan|102|1066\n|gen|9\n|tier|[Gen 9 Champions] VGC 2026 Reg M-A\n|rated|\n|rule|Species Clause: Limit one of each Pok\u00e9mon\n|rule|Item Clause: Limit 1 of each item\n|clearpoke\n|poke|p1|Milotic, L50, M|\n|poke|p1|Sneasler, L50, M|\n|poke|p1|Kingambit, L50, M|\n|poke|p1|Alakazam, L50, F|\n|poke|p1|Whimsicott, L50, F|\n|poke|p1|Incineroar, L50, M|\n|poke|p2|Farigiraf, L50, F|\n|poke|p2|Garchomp, L50, M|\n|poke|p2|Tyranitar, L50, F|\n|poke|p2|Excadrill, L50, M|\n|poke|p2|Incineroar, L50, M|\n|poke|p2|Sneasler, L50, M|\n|teampreview|4\n|inactive|Battle timer is ON: inactive players will automatically lose when time's up. (requested by Lopvd)\n|inactive|Average Parmesan has 60 seconds left.\n|\n|t:|1776598516\n|teamsize|p1|4\n|teamsize|p2|4\n|start\n|switch|p1a: Milotic|Milotic, L50, M|100/100\n|switch|p1b: Kingambit|Kingambit, L50, M|100/100\n|switch|p2a: Farigiraf|Farigiraf, L50, F|100/100\n|switch|p2b: Garchomp|Garchomp, L50, M|100/100\n|turn|1\n|inactive|Average Parmesan has 30 seconds left.\n|inactive|Average Parmesan has 20 seconds left.\n|inactive|Average Parmesan has 15 seconds left.\n|inactive|Average Parmesan has 10 seconds left.\n|inactive|Average Parmesan has 5 seconds left.\n|\n|t:|1776598571\n|move|p2b: Garchomp|Iron Head|p1a: Milotic\n|-resisted|p1a: Milotic|1\n|-damage|p1a: Milotic|87/100\n|move|p1a: Milotic|Ice Beam|p2b: Garchomp\n|-supereffective|p2b: Garchomp|2\n|-damage|p2b: Garchomp|13/100\n|move|p2a: Farigiraf|Energy Ball|p1b: Kingambit\n|-resisted|p1b: Kingambit|1\n|-damage|p1b: Kingambit|86/100\n|move|p1b: Kingambit|Kowtow Cleave|p2a: Farigiraf\n|-supereffective|p2a: Farigiraf|1\n|-damage|p2a: Farigiraf|0 fnt\n|faint|p2a: Farigiraf\n|\n|-heal|p1a: Milotic|93/100|[from] item: Leftovers\n|upkeep\n|inactive|Average Parmesan has 30 seconds left.\n|inactive|Average Parmesan has 20 seconds left.\n|inactive|Average Parmesan has 15 seconds left.\n|inactive|Average Parmesan has 10 seconds left.\n|inactive|Average Parmesan has 5 seconds left.\n|\n|t:|1776598626\n|switch|p2a: Tyranitar|Tyranitar, L50, F|100/100\n|-weather|Sandstorm|[from] ability: Sand Stream|[of] p2a: Tyranitar\n|turn|2\n|inactive|Average Parmesan has 30 seconds left.\n|inactive|Average Parmesan has 20 seconds left.\n|inactive|Average Parmesan has 15 seconds left.\n|inactive|Average Parmesan has 10 seconds left.\n|inactive|Average Parmesan has 5 seconds left.\n|\n|t:|1776598681\n|move|p1b: Kingambit|Sucker Punch|p2b: Garchomp\n|-damage|p2b: Garchomp|0 fnt\n|faint|p2b: Garchomp\n|move|p1a: Milotic|Scald|p2a: Tyranitar\n|-supereffective|p2a: Tyranitar|1\n|-damage|p2a: Tyranitar|70/100\n|move|p2a: Tyranitar|High Horsepower|p1b: Kingambit\n|-supereffective|p1b: Kingambit|1\n|-damage|p1b: Kingambit|45/100\n|\n|-weather|Sandstorm|[upkeep]\n|-damage|p1a: Milotic|87/100|[from] Sandstorm\n|-heal|p1a: Milotic|93/100|[from] item: Leftovers\n|upkeep\n|inactive|Average Parmesan has 30 seconds left.\n|inactive|Average Parmesan has 20 seconds left.\n|inactive|Average Parmesan has 15 seconds left.\n|inactive|Average Parmesan has 10 seconds left.\n|inactive|Average Parmesan has 5 seconds left.\n|\n|t:|1776598736\n|switch|p2b: Incineroar|Incineroar, L50, M|100/100\n|-ability|p2b: Incineroar|Intimidate|boost\n|-unboost|p1a: Milotic|atk|1\n|-ability|p1a: Milotic|Competitive|boost\n|-boost|p1a: Milotic|spa|2\n|-unboost|p1b: Kingambit|atk|1\n|-ability|p1b: Kingambit|Defiant|boost\n|-boost|p1b: Kingambit|atk|2\n|turn|3\n|inactive|Average Parmesan has 30 seconds left.\n|inactive|Average Parmesan has 20 seconds left.\n|inactive|Average Parmesan has 15 seconds left.\n|inactive|Average Parmesan has 10 seconds left.\n|inactive|Average Parmesan has 5 seconds left.\n|\n|t:|1776598791\n|move|p1a: Milotic|Protect|p1a: Milotic\n|-singleturn|p1a: Milotic|Protect\n|move|p1b: Kingambit|Protect|p1b: Kingambit\n|-singleturn|p1b: Kingambit|Protect\n|move|p2b: Incineroar|Fake Out|p1a: Milotic\n|-activate|p1a: Milotic|move: Protect\n|move|p2a: Tyranitar|High Horsepower|p1a: Milotic\n|-activate|p1a: Milotic|move: Protect\n|\n|-weather|Sandstorm|[upkeep]\n|-damage|p1a: Milotic|87/100|[from] Sandstorm\n|-damage|p2b: Incineroar|95/100|[from] Sandstorm\n|-heal|p1a: Milotic|93/100|[from] item: Leftovers\n|upkeep\n|turn|4\n|inactive|Average Parmesan has 30 seconds left.\n|inactive|Average Parmesan has 20 seconds left.\n|inactive|Average Parmesan has 15 seconds left.\n|inactive|Average Parmesan has 10 seconds left.\n|inactive|Average Parmesan has 5 seconds left.\n|\n|t:|1776598846\n|move|p2b: Incineroar|Fake Out||[still]\n|-hint|Fake Out only works on your first turn out.\n|-fail|p2b: Incineroar\n|move|p1a: Milotic|Scald|p2b: Incineroar\n|-supereffective|p2b: Incineroar|1\n|-enditem|p2b: Incineroar|Passho Berry|[eat]\n|-enditem|p2b: Incineroar|Passho Berry|[weaken]\n|-damage|p2b: Incineroar|53/100\n|move|p2a: Tyranitar|High Horsepower|p1b: Kingambit\n|-supereffective|p1b: Kingambit|1\n|-damage|p1b: Kingambit|1/100\n|move|p1b: Kingambit|Iron Head|p2a: Tyranitar\n|-supereffective|p2a: Tyranitar|1\n|-damage|p2a: Tyranitar|0 fnt\n|faint|p2a: Tyranitar\n|\n|-weather|Sandstorm|[upkeep]\n|-damage|p1a: Milotic|87/100|[from] Sandstorm\n|-damage|p2b: Incineroar|47/100|[from] Sandstorm\n|-heal|p1a: Milotic|93/100|[from] item: Leftovers\n|upkeep\n|turn|5\n|inactive|Average Parmesan has 30 seconds left.\n|inactive|Average Parmesan has 20 seconds left.\n|inactive|Average Parmesan has 15 seconds left.\n|inactive|Average Parmesan has 10 seconds left.\n|inactive|Average Parmesan has 5 seconds left.\n|\n|t:|1776598901\n|move|p1a: Milotic|Scald|p2b: Incineroar\n|-supereffective|p2b: Incineroar|1\n|-damage|p2b: Incineroar|0 fnt\n|faint|p2b: Incineroar\n|\n|win|Lopvd\n|raw|Lopvd's rating: 1125 &rarr; <strong>1146</strong><br />(+21 for winning)\n|raw|Average Parmesan's rating: 1066 &rarr; <strong>1049</strong><br />(-17 for losing)\n",
  "uploadtime": 1776598906,
  "views": 15,
  "formatid": "gen9championsvgc2026regma",
  "rating": 1049,
  "private": 0,
  "password": null
}