{
  "id": "gen9championsvgc2026regma-2589382299",
  "format": "[Gen 9 Champions] VGC 2026 Reg M-A",
  "players": [
    "Adricp",
    "Pabrotti"
  ],
  "log": "|j|\u2606Adricp\n|j|\u2606Pabrotti\n|t:|1776718516\n|gametype|doubles\n|player|p1|Adricp|265|1110\n|player|p2|Pabrotti|rosa|1065\n|gen|9\n|tier|[Gen 9 Champions] VGC 2026 Reg M-A\n|rated|\n|rule|Species Clause: Limit one of each Pok\u00e9mon\n|rule|Item Clause: Limit 1 of each item\n|clearpoke\n|poke|p1|Kingambit, L50, M, shiny|\n|poke|p1|Sneasler, L50, M, shiny|\n|poke|p1|Pelipper, L50, M|\n|poke|p1|Sinistcha-Masterpiece, L50|\n|poke|p1|Starmie, L50, shiny|\n|poke|p1|Dragonite, L50, F, shiny|\n|poke|p2|Gardevoir, L50, F, shiny|\n|poke|p2|Feraligatr, L50, M|\n|poke|p2|Sneasler, L50, F, shiny|\n|poke|p2|Pelipper, L50, F, shiny|\n|poke|p2|Sinistcha-Masterpiece, L50|\n|poke|p2|Incineroar, L50, F|\n|teampreview|4\nAdricp rejected open team sheets.\n|inactive|Battle timer is ON: inactive players will automatically lose when time's up. (requested by Adricp)\n|\n|t:|1776718553\n|teamsize|p1|4\n|teamsize|p2|4\n|start\n|switch|p1a: Pelipper|Pelipper, L50, M|100/100\n|switch|p1b: Starmie|Starmie, L50, shiny|100/100\n|switch|p2a: Pelipper|Pelipper, L50, F, shiny|100/100\n|switch|p2b: Sneasler|Sneasler, L50, F, shiny|100/100\n|-weather|RainDance|[from] ability: Drizzle|[of] p1a: Pelipper\n|turn|1\n|\n|t:|1776718576\n|detailschange|p1b: Starmie|Starmie-Mega, L50, shiny\n|-mega|p1b: Starmie|Starmie|Starminite\n|move|p1b: Starmie|Protect|p1b: Starmie\n|-singleturn|p1b: Starmie|Protect\n|move|p2b: Sneasler|Fake Out|p1b: Starmie\n|-activate|p1b: Starmie|move: Protect\n|move|p1a: Pelipper|Hurricane|p2b: Sneasler\n|-supereffective|p2b: Sneasler|1\n|-damage|p2b: Sneasler|0 fnt\n|faint|p2b: Sneasler\n|move|p2a: Pelipper|Tailwind|p2a: Pelipper\n|-sidestart|p2: Pabrotti|move: Tailwind\n|\n|-weather|RainDance|[upkeep]\n|upkeep\n|\n|t:|1776718582\n|switch|p2b: Gardevoir|Gardevoir, L50, F, shiny|100/100\n|turn|2\n|\n|t:|1776718593\n|detailschange|p2b: Gardevoir|Gardevoir-Mega, L50, F, shiny\n|-mega|p2b: Gardevoir|Gardevoir|Gardevoirite\n|move|p2a: Pelipper|Hurricane|p1b: Starmie\n|-damage|p1b: Starmie|33/100\n|move|p2b: Gardevoir|Hyper Voice|p1a: Pelipper|[spread] p1a,p1b\n|-damage|p1a: Pelipper|19/100\n|-damage|p1b: Starmie|0 fnt\n|faint|p1b: Starmie\n|move|p1a: Pelipper|Hurricane|p2b: Gardevoir\n|-crit|p2b: Gardevoir\n|-damage|p2b: Gardevoir|37/100\n|\n|-weather|RainDance|[upkeep]\n|upkeep\n|inactive|Adricp has 30 seconds left.\n|inactive|Adricp has 20 seconds left.\n|inactive|Adricp has 15 seconds left.\n|\n|t:|1776718634\n|switch|p1b: Kingambit|Kingambit, L50, M, shiny|100/100\n|turn|3\n|\n|t:|1776718645\n|move|p2a: Pelipper|Weather Ball|p1b: Kingambit\n|-damage|p1b: Kingambit|29/100\n|move|p2b: Gardevoir|Hyper Voice|p1a: Pelipper|[spread] p1a,p1b\n|-damage|p1a: Pelipper|0 fnt\n|-damage|p1b: Kingambit|0 fnt\n|faint|p1a: Pelipper\n|faint|p1b: Kingambit\n|\n|-weather|RainDance|[upkeep]\n|upkeep\n|-message|Adricp forfeited.\n|\n|win|Pabrotti\n|raw|Adricp's rating: 1110 &rarr; <strong>1082</strong><br />(-28 for losing)\n|raw|Pabrotti's rating: 1065 &rarr; <strong>1099</strong><br />(+34 for winning)\n|l|\u2606Adricp\n|player|p1|\n",
  "uploadtime": 1776718659,
  "views": 8,
  "formatid": "gen9championsvgc2026regma",
  "rating": 1082,
  "private": 0,
  "password": null
}