{
  "id": "gen9championsvgc2026regma-2583652661",
  "format": "[Gen 9 Champions] VGC 2026 Reg M-A",
  "players": [
    "henitusec",
    "juustsimo"
  ],
  "log": "|j|\u2606henitusec\n|j|\u2606juustsimo\n|t:|1776188914\n|gametype|doubles\n|player|p1|henitusec|diantha|1185\n|player|p2|juustsimo|hilbert|1142\n|gen|9\n|tier|[Gen 9 Champions] VGC 2026 Reg M-A\n|rated|\n|rule|Species Clause: Limit one of each Pok\u00e9mon\n|rule|Item Clause: Limit 1 of each item\n|clearpoke\n|poke|p1|Gardevoir, L50, F|\n|poke|p1|Aegislash, L50, F|\n|poke|p1|Incineroar, L50, F|\n|poke|p1|Vivillon-Polar, L50, M|\n|poke|p1|Whimsicott, L50, M|\n|poke|p1|Tauros-Paldea-Aqua, L50, M|\n|poke|p2|Delphox, L50, F|\n|poke|p2|Garchomp, L50, M|\n|poke|p2|Aerodactyl, L50, F|\n|poke|p2|Farigiraf, L50, F|\n|poke|p2|Sneasler, L50, F|\n|poke|p2|Rotom-Wash, L50|\n|teampreview|4\n|inactive|Battle timer is ON: inactive players will automatically lose when time's up. (requested by henitusec)\n|inactive|juustsimo has 60 seconds left.\n|\n|t:|1776188954\n|teamsize|p1|4\n|teamsize|p2|4\n|start\n|switch|p1a: Whimsicott|Whimsicott, L50, M|100/100\n|switch|p1b: Gardevoir|Gardevoir, L50, F, shiny|100/100\n|switch|p2a: Sneasler|Sneasler, L50, F|100/100\n|switch|p2b: Aerodactyl|Aerodactyl, L50, F|100/100\n|-ability|p2b: Aerodactyl|Unnerve\n|-ability|p1b: Gardevoir|Unburden|Trace|[from] ability: Trace|[of] p2a: Sneasler\n|turn|1\n|\n|t:|1776188967\n|detailschange|p1b: Gardevoir|Gardevoir-Mega, L50, F, shiny\n|-mega|p1b: Gardevoir|Gardevoir|Gardevoirite\n|move|p1a: Whimsicott|Tailwind|p1a: Whimsicott\n|-sidestart|p1: henitusec|move: Tailwind\n|move|p1b: Gardevoir|Psychic|p2a: Sneasler\n|-supereffective|p2a: Sneasler|2\n|-damage|p2a: Sneasler|0 fnt\n|faint|p2a: Sneasler\n|move|p2b: Aerodactyl|Tailwind|p2b: Aerodactyl\n|-sidestart|p2: juustsimo|move: Tailwind\n|\n|upkeep\n|\n|t:|1776188979\n|switch|p2a: Delphox|Delphox, L50, F, shiny|100/100\n|turn|2\n|\n|t:|1776188996\n|detailschange|p2a: Delphox|Delphox-Mega, L50, F, shiny\n|-mega|p2a: Delphox|Delphox|Delphoxite\n|move|p1a: Whimsicott|Encore|p2b: Aerodactyl\n|-start|p2b: Aerodactyl|Encore\n|move|p2a: Delphox|Encore||[still]\n|-fail|p2a: Delphox\n|move|p2b: Aerodactyl|Tailwind||[still]\n|-fail|p2b: Aerodactyl\n|move|p1b: Gardevoir|Hyper Voice|p2b: Aerodactyl|[spread] p2a,p2b\n|-resisted|p2a: Delphox|1\n|-damage|p2a: Delphox|77/100\n|-damage|p2b: Aerodactyl|27/100\n|\n|upkeep\n|turn|3\n|-message|juustsimo forfeited.\n|\n|win|henitusec\n|raw|henitusec's rating: 1185 &rarr; <strong>1207</strong><br />(+22 for winning)\n|raw|juustsimo's rating: 1142 &rarr; <strong>1120</strong><br />(-22 for losing)\n|l|\u2606juustsimo\n|player|p2|\n",
  "uploadtime": 1776189020,
  "views": 14,
  "formatid": "gen9championsvgc2026regma",
  "rating": 1120,
  "private": 0,
  "password": null
}