{
  "id": "gen9championsvgc2026regma-2584445452",
  "format": "[Gen 9 Champions] VGC 2026 Reg M-A",
  "players": [
    "raikudosenien",
    "jainahilda"
  ],
  "log": "|j|\u2606raikudosenien\n|j|\u2606jainahilda\n|t:|1776261381\n|gametype|doubles\n|player|p1|raikudosenien|2|1000\n|player|p2|jainahilda|hilda-wonderlauncher|1095\n|gen|9\n|tier|[Gen 9 Champions] VGC 2026 Reg M-A\n|rated|\n|rule|Species Clause: Limit one of each Pok\u00e9mon\n|rule|Item Clause: Limit 1 of each item\n|clearpoke\n|poke|p1|Sableye, L50, M|\n|poke|p1|Chimecho, L50, F|\n|poke|p1|Excadrill, L50, F|\n|poke|p1|Tyranitar, L50, M|\n|poke|p1|Ditto, L50|\n|poke|p1|Whimsicott, L50, M|\n|poke|p2|Sneasler, L50, M|\n|poke|p2|Froslass, L50, F|\n|poke|p2|Sylveon, L50, M|\n|poke|p2|Sinistcha-Masterpiece, L50|\n|poke|p2|Aerodactyl, L50, F|\n|poke|p2|Incineroar, L50, M|\n|teampreview|4\nraikudosenien rejected open team sheets.\n|\n|t:|1776261416\n|teamsize|p1|4\n|teamsize|p2|4\n|start\n|switch|p1a: Tyranitar|Tyranitar, L50, M|100/100\n|switch|p1b: Whimsicott|Whimsicott, L50, M|100/100\n|switch|p2a: Naoya|Sneasler, L50, M|100/100\n|switch|p2b: Gakuganji|Aerodactyl, L50, F|100/100\n|-ability|p2b: Gakuganji|Unnerve\n|-weather|Sandstorm|[from] ability: Sand Stream|[of] p1a: Tyranitar\n|turn|1\n|\n|t:|1776261434\n|detailschange|p2b: Gakuganji|Aerodactyl-Mega, L50, F\n|-mega|p2b: Gakuganji|Aerodactyl|Aerodactylite\n|move|p1b: Whimsicott|Tailwind|p1b: Whimsicott\n|-sidestart|p1: raikudosenien|move: Tailwind\n|move|p2b: Gakuganji|Dual Wingbeat|p1b: Whimsicott\n|-supereffective|p1b: Whimsicott|1\n|-damage|p1b: Whimsicott|50/100\n|-supereffective|p1b: Whimsicott|1\n|-damage|p1b: Whimsicott|0 fnt\n|faint|p1b: Whimsicott\n|-hitcount|p1: Whimsicott|2\n|move|p2a: Naoya|Close Combat|p1a: Tyranitar\n|-supereffective|p1a: Tyranitar|2\n|-damage|p1a: Tyranitar|0 fnt\n|-unboost|p2a: Naoya|def|1\n|-unboost|p2a: Naoya|spd|1\n|faint|p1a: Tyranitar\n|-enditem|p2a: Naoya|White Herb\n|-clearnegativeboost|p2a: Naoya|[silent]\n|\n|-weather|Sandstorm|[upkeep]\n|-damage|p2a: Naoya|95/100|[from] Sandstorm\n|upkeep\n|\n|t:|1776261453\n|switch|p1b: Sableye|Sableye, L50, M|100/100\n|switch|p1a: Excadrill|Excadrill, L50, F|100/100\n|turn|2\n|\n|t:|1776261484\n|move|p2b: Gakuganji|Wide Guard|p2b: Gakuganji\n|-singleturn|p2b: Gakuganji|Wide Guard\n|move|p1b: Sableye|Gravity|p1b: Sableye\n|-fieldstart|move: Gravity\n|move|p2a: Naoya|Close Combat|p1a: Excadrill\n|-supereffective|p1a: Excadrill|1\n|-damage|p1a: Excadrill|0 fnt\n|-unboost|p2a: Naoya|def|1\n|-unboost|p2a: Naoya|spd|1\n|faint|p1a: Excadrill\n|\n|-weather|Sandstorm|[upkeep]\n|-damage|p2a: Naoya|89/100|[from] Sandstorm\n|-damage|p1b: Sableye|95/100|[from] Sandstorm\n|upkeep\n|turn|3\n|-message|raikudosenien forfeited.\n|\n|win|jainahilda\n|raw|raikudosenien's rating: 1000 &rarr; <strong>1000</strong><br />(+0 for losing)\n|raw|jainahilda's rating: 1095 &rarr; <strong>1114</strong><br />(+19 for winning)\n|l|\u2606raikudosenien\n|player|p1|\n",
  "uploadtime": 1776261498,
  "views": 26,
  "formatid": "gen9championsvgc2026regma",
  "rating": 1000,
  "private": 0,
  "password": null
}