{
  "id": "gen9championsvgc2026regma-2580680209",
  "format": "[Gen 9 Champions] VGC 2026 Reg M-A",
  "players": [
    "NoitUK_VGC",
    "the_ag_is_fake"
  ],
  "log": "|j|\u2606NoitUK_VGC\n|j|\u2606the_ag_is_fake\n|t:|1775923742\n|gametype|doubles\n|player|p1|NoitUK_VGC|1|1052\n|player|p2|the_ag_is_fake|rika|1071\n|gen|9\n|tier|[Gen 9 Champions] VGC 2026 Reg M-A\n|rated|\n|rule|Species Clause: Limit one of each Pok\u00e9mon\n|rule|Item Clause: Limit 1 of each item\n|clearpoke\n|poke|p1|Bellibolt, L50, M|\n|poke|p1|Raichu, L50, M|\n|poke|p1|Slowbro, L50, F|\n|poke|p1|Sinistcha-Masterpiece, L50|\n|poke|p1|Alcremie, L50, F|\n|poke|p1|Machamp, L50, M|\n|poke|p2|Clefable, L50, F|\n|poke|p2|Incineroar, L50, F|\n|poke|p2|Kingambit, L50, F|\n|poke|p2|Sneasler, L50, F|\n|poke|p2|Kommo-o, L50, F|\n|poke|p2|Froslass, L50, F|\n|teampreview|4\n|inactive|Battle timer is ON: inactive players will automatically lose when time's up. (requested by the_ag_is_fake)\n|inactive|NoitUK_VGC has 60 seconds left.\n|inactive|the_ag_is_fake has 60 seconds left.\n|inactive|NoitUK_VGC has 30 seconds left.\n|inactive|NoitUK_VGC has 20 seconds left.\n|inactive|NoitUK_VGC has 15 seconds left.\n|inactive|NoitUK_VGC has 10 seconds left.\n|\n|t:|1775923825\n|teamsize|p1|4\n|teamsize|p2|4\n|start\n|switch|p1a: Raichu|Raichu, L50, M|100/100\n|switch|p1b: Slowbro|Slowbro, L50, F|100/100\n|switch|p2a: Froslass|Froslass, L50, F|100/100\n|switch|p2b: Kingambit|Kingambit, L50, F|100/100\n|turn|1\n|\n|t:|1775923843\n|detailschange|p2a: Froslass|Froslass-Mega, L50, F\n|-mega|p2a: Froslass|Froslass|Froslassite\n|-weather|Snowscape|[from] ability: Snow Warning|[of] p2a: Froslass\n|detailschange|p1b: Slowbro|Slowbro-Mega, L50, F\n|-mega|p1b: Slowbro|Slowbro|Slowbronite\n|move|p1a: Raichu|Fake Out|p2b: Kingambit\n|-resisted|p2b: Kingambit|1\n|-damage|p2b: Kingambit|98/100\n|move|p2a: Froslass|Shadow Ball|p1b: Slowbro\n|-supereffective|p1b: Slowbro|1\n|-damage|p1b: Slowbro|14/100\n|cant|p2b: Kingambit|flinch\n|move|p1b: Slowbro|Calm Mind|p1b: Slowbro\n|-boost|p1b: Slowbro|spa|1\n|-boost|p1b: Slowbro|spd|1\n|\n|-weather|Snowscape|[upkeep]\n|upkeep\n|turn|2\n|inactive|NoitUK_VGC has 30 seconds left.\n|\n|t:|1775923873\n|switch|p1b: Machamp|Machamp, L50, M|100/100\n|move|p1a: Raichu|Discharge|p2b: Kingambit|[spread] p1b,p2a,p2b\n|-damage|p1b: Machamp|72/100\n|-damage|p2a: Froslass|73/100\n|-damage|p2b: Kingambit|72/100\n|move|p2a: Froslass|Blizzard|p1b: Machamp|[spread] p1a,p1b\n|-damage|p1a: Raichu|22/100\n|-damage|p1b: Machamp|17/100\n|move|p2b: Kingambit|Kowtow Cleave|p1b: Machamp\n|-resisted|p1b: Machamp|1\n|-damage|p1b: Machamp|0 fnt\n|faint|p1b: Machamp\n|\n|-weather|Snowscape|[upkeep]\n|upkeep\n|\n|t:|1775923886\n|switch|p1b: Sinistcha|Sinistcha-Masterpiece, L50|100/100\n|-heal|p1a: Raichu|46/100|[from] ability: Hospitality|[of] p1b: Sinistcha\n|turn|3\n|\n|t:|1775923895\n|move|p2b: Kingambit|Sucker Punch|p1a: Raichu\n|-damage|p1a: Raichu|0 fnt\n|faint|p1a: Raichu\n|move|p2a: Froslass|Blizzard|p1b: Sinistcha\n|-supereffective|p1b: Sinistcha|1\n|-damage|p1b: Sinistcha|0 fnt\n|faint|p1b: Sinistcha\n|\n|-weather|Snowscape|[upkeep]\n|upkeep\n|c|\u2606the_ag_is_fake|gg\n|-message|NoitUK_VGC forfeited.\n|\n|win|the_ag_is_fake\n|raw|NoitUK_VGC's rating: 1052 &rarr; <strong>1035</strong><br />(-17 for losing)\n|raw|the_ag_is_fake's rating: 1071 &rarr; <strong>1099</strong><br />(+28 for winning)\n",
  "uploadtime": 1775923903,
  "views": 12,
  "formatid": "gen9championsvgc2026regma",
  "rating": 1035,
  "private": 0,
  "password": null
}