{
  "id": "gen9championsvgc2026regma-2588241508",
  "format": "[Gen 9 Champions] VGC 2026 Reg M-A",
  "players": [
    "slippybingus",
    "Offhe091"
  ],
  "log": "|j|\u2606slippybingus\n|j|\u2606Offhe091\n|t:|1776617332\n|gametype|doubles\n|player|p1|slippybingus|101|1112\n|player|p2|Offhe091|170|1019\n|gen|9\n|tier|[Gen 9 Champions] VGC 2026 Reg M-A\n|rated|\n|rule|Species Clause: Limit one of each Pok\u00e9mon\n|rule|Item Clause: Limit 1 of each item\n|clearpoke\n|poke|p1|Charizard, L50, F|\n|poke|p1|Sneasler, L50, M|\n|poke|p1|Tyranitar, L50, F|\n|poke|p1|Milotic, L50, M|\n|poke|p1|Sinistcha, L50|\n|poke|p1|Incineroar, L50, F|\n|poke|p2|Lucario, L50, F|\n|poke|p2|Whimsicott, L50, M|\n|poke|p2|Arcanine-Hisui, L50, M|\n|poke|p2|Drampa, L50, F|\n|poke|p2|Farigiraf, L50, F|\n|poke|p2|Hydreigon, L50, M|\n|teampreview|4\n|inactive|Battle timer is ON: inactive players will automatically lose when time's up. (requested by Offhe091)\nOffhe091 rejected open team sheets.\n|\n|t:|1776617386\n|teamsize|p1|4\n|teamsize|p2|4\n|start\n|switch|p1a: Milotic|Milotic, L50, M|100/100\n|switch|p1b: Charizard|Charizard, L50, F|100/100\n|switch|p2a: Lucario|Lucario, L50, F|100/100\n|switch|p2b: Whimsicott|Whimsicott, L50, M|100/100\n|turn|1\n|\n|t:|1776617406\n|move|p2b: Whimsicott|Beat Up|p2a: Lucario\n|-resisted|p2a: Lucario|1\n|-damage|p2a: Lucario|98/100\n|-ability|p2a: Lucario|Justified|boost\n|-boost|p2a: Lucario|atk|1\n|-resisted|p2a: Lucario|1\n|-damage|p2a: Lucario|97/100\n|-ability|p2a: Lucario|Justified|boost\n|-boost|p2a: Lucario|atk|1\n|-resisted|p2a: Lucario|1\n|-damage|p2a: Lucario|96/100\n|-ability|p2a: Lucario|Justified|boost\n|-boost|p2a: Lucario|atk|1\n|-resisted|p2a: Lucario|1\n|-damage|p2a: Lucario|94/100\n|-ability|p2a: Lucario|Justified|boost\n|-boost|p2a: Lucario|atk|1\n|-hitcount|p2a: Lucario|4\n|move|p2a: Lucario|Close Combat|p1a: Milotic\n|-damage|p1a: Milotic|0 fnt\n|-unboost|p2a: Lucario|def|1\n|-unboost|p2a: Lucario|spd|1\n|faint|p1a: Milotic\n|move|p1b: Charizard|Dragon Dance|p1b: Charizard\n|-boost|p1b: Charizard|atk|1\n|-boost|p1b: Charizard|spe|1\n|\n|upkeep\n|\n|t:|1776617423\n|switch|p1a: Sneasler|Sneasler, L50, M|100/100\n|turn|2\n|inactive|slippybingus has 30 seconds left.\n|\n|t:|1776617448\n|detailschange|p1b: Charizard|Charizard-Mega-X, L50, F\n|-mega|p1b: Charizard|Charizard|Charizardite X\n|detailschange|p2a: Lucario|Lucario-Mega, L50, F\n|-mega|p2a: Lucario|Lucario|Lucarionite\n|move|p1a: Sneasler|Fake Out|p2b: Whimsicott\n|-damage|p2b: Whimsicott|84/100\n|move|p2a: Lucario|Upper Hand||[still]\n|-fail|p2a: Lucario\n|cant|p2b: Whimsicott|flinch\n|move|p1b: Charizard|Flare Blitz|p2b: Whimsicott\n|-supereffective|p2b: Whimsicott|1\n|-damage|p2b: Whimsicott|0 fnt\n|faint|p2b: Whimsicott\n|-damage|p1b: Charizard|74/100|[from] Recoil\n|\n|upkeep\n|\n|t:|1776617462\n|switch|p2b: Arcanine|Arcanine-Hisui, L50, M|100/100\n|-ability|p2b: Arcanine|Intimidate|boost\n|-unboost|p1a: Sneasler|atk|1\n|-unboost|p1b: Charizard|atk|1\n|-enditem|p1a: Sneasler|White Herb\n|-clearnegativeboost|p1a: Sneasler|[silent]\n|turn|3\n|\n|t:|1776617483\n|move|p2a: Lucario|Protect|p2a: Lucario\n|-singleturn|p2a: Lucario|Protect\n|move|p1a: Sneasler|Close Combat|p2b: Arcanine\n|-supereffective|p2b: Arcanine|1\n|-damage|p2b: Arcanine|0 fnt\n|-unboost|p1a: Sneasler|def|1\n|-unboost|p1a: Sneasler|spd|1\n|faint|p2b: Arcanine\n|move|p1b: Charizard|Flare Blitz|p2a: Lucario\n|-activate|p2a: Lucario|move: Protect\n|\n|upkeep\n|\n|t:|1776617493\n|switch|p2b: Drampa|Drampa, L50, F|100/100\n|-ability|p2b: Drampa|Cloud Nine\n|turn|4\n|\n|t:|1776617514\n|move|p1a: Sneasler|Close Combat|p2b: Drampa\n|-supereffective|p2b: Drampa|1\n|-crit|p2b: Drampa\n|-damage|p2b: Drampa|0 fnt\n|-unboost|p1a: Sneasler|def|1\n|-unboost|p1a: Sneasler|spd|1\n|faint|p2b: Drampa\n|move|p1b: Charizard|Flare Blitz|p2a: Lucario\n|-supereffective|p2a: Lucario|1\n|-damage|p2a: Lucario|0 fnt\n|faint|p2a: Lucario\n|-damage|p1b: Charizard|48/100|[from] Recoil\n|\n|win|slippybingus\n|raw|slippybingus's rating: 1112 &rarr; <strong>1130</strong><br />(+18 for winning)\n|raw|Offhe091's rating: 1019 &rarr; <strong>1010</strong><br />(-9 for losing)\n|l|\u2606Offhe091\n|player|p2|\n",
  "uploadtime": 1776617523,
  "views": 15,
  "formatid": "gen9championsvgc2026regma",
  "rating": 1010,
  "private": 0,
  "password": null
}