{
  "id": "gen9championsvgc2026regma-2587178125",
  "format": "[Gen 9 Champions] VGC 2026 Reg M-A",
  "players": [
    "Lavanda.17",
    "nsbnsb"
  ],
  "log": "|j|\u2606Lavanda.17\n|j|\u2606nsbnsb\n|t:|1776504859\n|gametype|doubles\n|player|p1|Lavanda.17|kimonogirl|1427\n|player|p2|nsbnsb|ghetsis|1454\n|gen|9\n|tier|[Gen 9 Champions] VGC 2026 Reg M-A\n|rated|\n|rule|Species Clause: Limit one of each Pok\u00e9mon\n|rule|Item Clause: Limit 1 of each item\n|clearpoke\n|poke|p1|Froslass, L50, F|\n|poke|p1|Garchomp, L50, M|\n|poke|p1|Hydreigon, L50, F|\n|poke|p1|Sneasler, L50, F|\n|poke|p1|Arcanine-Hisui, L50, F|\n|poke|p1|Jolteon, L50, M|\n|poke|p2|Crabominable, L50, M|\n|poke|p2|Farigiraf, L50, M|\n|poke|p2|Kingambit, L50, M, shiny|\n|poke|p2|Sinistcha, L50|\n|poke|p2|Camerupt, L50, M|\n|poke|p2|Sneasler, L50, M|\n|teampreview|4\n|inactive|Battle timer is ON: inactive players will automatically lose when time's up. (requested by nsbnsb)\n|inactive|Lavanda.17 has 60 seconds left.\n|inactive|Lavanda.17 has 30 seconds left.\n|inactive|Lavanda.17 has 20 seconds left.\n|inactive|Lavanda.17 has 15 seconds left.\n|inactive|Lavanda.17 has 10 seconds left.\n|inactive|Lavanda.17 has 5 seconds left.\n|\n|t:|1776504945\n|teamsize|p1|4\n|teamsize|p2|4\n|start\n|switch|p1a: Garchomp|Garchomp, L50, M|100/100\n|switch|p1b: Hydreigon|Hydreigon, L50, F|100/100\n|switch|p2a: Farigiraf|Farigiraf, L50, M|100/100\n|switch|p2b: Sneasler|Sneasler, L50, M|100/100\n|turn|1\n|inactive|Lavanda.17 has 30 seconds left.\n|\n|t:|1776504980\n|move|p1b: Hydreigon|Protect|p1b: Hydreigon\n|-singleturn|p1b: Hydreigon|Protect\n|move|p2b: Sneasler|Close Combat|p1b: Hydreigon\n|-activate|p1b: Hydreigon|move: Protect\n|move|p1a: Garchomp|Earthquake|p2a: Farigiraf|[spread] p2a,p2b\n|-activate|p1b: Hydreigon|move: Protect\n|-supereffective|p2b: Sneasler|1\n|-damage|p2a: Farigiraf|69/100\n|-damage|p2b: Sneasler|0 fnt\n|faint|p2b: Sneasler\n|move|p2a: Farigiraf|Trick Room|p2a: Farigiraf\n|-fieldstart|move: Trick Room|[of] p2a: Farigiraf\n|\n|upkeep\n|\n|t:|1776505004\n|switch|p2b: Kingambit|Kingambit, L50, M, shiny|100/100\n|turn|2\n|\n|t:|1776505015\n|move|p2b: Kingambit|Iron Head|p1b: Hydreigon\n|-damage|p1b: Hydreigon|52/100\n|move|p2a: Farigiraf|Hyper Voice|p1a: Garchomp|[spread] p1a,p1b\n|-damage|p1a: Garchomp|71/100\n|-damage|p1b: Hydreigon|15/100\n|-enditem|p1b: Hydreigon|Sitrus Berry|[eat]\n|-heal|p1b: Hydreigon|40/100|[from] item: Sitrus Berry\n|move|p1b: Hydreigon|Draco Meteor|p2a: Farigiraf\n|-damage|p2a: Farigiraf|1/100\n|-unboost|p1b: Hydreigon|spa|2\n|move|p1a: Garchomp|Earthquake|p2b: Kingambit|[spread] p2a,p2b\n|-immune|p1b: Hydreigon|[from] ability: Levitate\n|-supereffective|p2b: Kingambit|1\n|-damage|p2a: Farigiraf|0 fnt\n|-damage|p2b: Kingambit|45/100\n|faint|p2a: Farigiraf\n|\n|upkeep\n|\n|t:|1776505025\n|switch|p2a: Camerupt|Camerupt, L50, M|100/100\n|turn|3\n|inactive|Lavanda.17 has 30 seconds left.\n|\n|t:|1776505058\n|detailschange|p2a: Camerupt|Camerupt-Mega, L50, M\n|-mega|p2a: Camerupt|Camerupt|Cameruptite\n|move|p1a: Garchomp|Protect|p1a: Garchomp\n|-singleturn|p1a: Garchomp|Protect\n|move|p2a: Camerupt|Eruption|p1b: Hydreigon|[spread] p1b\n|-activate|p1a: Garchomp|move: Protect\n|-resisted|p1b: Hydreigon|1\n|-damage|p1b: Hydreigon|4/100\n|move|p2b: Kingambit|Kowtow Cleave|p1a: Garchomp\n|-activate|p1a: Garchomp|move: Protect\n|move|p1b: Hydreigon|Dark Pulse|p2a: Camerupt\n|-damage|p2a: Camerupt|77/100\n|\n|upkeep\n|turn|4\n|inactive|Lavanda.17 has 30 seconds left.\n|inactive|Lavanda.17 has 20 seconds left.\n|\n|t:|1776505095\n|move|p2a: Camerupt|Earth Power|p1a: Garchomp\n|-damage|p1a: Garchomp|4/100\n|move|p2b: Kingambit|Kowtow Cleave|p1b: Hydreigon\n|-resisted|p1b: Hydreigon|1\n|-damage|p1b: Hydreigon|0 fnt\n|faint|p1b: Hydreigon\n|move|p1a: Garchomp|Earthquake|p2b: Kingambit|[spread] p2a,p2b\n|-supereffective|p2a: Camerupt|1\n|-supereffective|p2b: Kingambit|1\n|-damage|p2a: Camerupt|0 fnt\n|-damage|p2b: Kingambit|0 fnt\n|faint|p2a: Camerupt\n|faint|p2b: Kingambit\n|\n|win|Lavanda.17\n|raw|Lavanda.17's rating: 1427 &rarr; <strong>1451</strong><br />(+24 for winning)\n|raw|nsbnsb's rating: 1492 &rarr; <strong>1468</strong><br />(-24 for losing)\n|l|\u2606nsbnsb\n|player|p2|\n|l|\u2606Lavanda.17\n|player|p1|\n",
  "uploadtime": 1776505150,
  "views": 37,
  "formatid": "gen9championsvgc2026regma",
  "rating": 1451,
  "private": 0,
  "password": null
}