{
  "id": "gen9championsvgc2026regma-2580405762",
  "format": "[Gen 9 Champions] VGC 2026 Reg M-A",
  "players": [
    "johandk",
    "Isidino"
  ],
  "log": "|j|\u2606johandk\n|j|\u2606Isidino\n|t:|1775891594\n|gametype|doubles\n|player|p1|johandk|nate|1000\n|player|p2|Isidino|265|1046\n|gen|9\n|tier|[Gen 9 Champions] VGC 2026 Reg M-A\n|rated|\n|rule|Species Clause: Limit one of each Pok\u00e9mon\n|rule|Item Clause: Limit 1 of each item\n|clearpoke\n|poke|p1|Aerodactyl, L50, F|\n|poke|p1|Sinistcha-Masterpiece, L50|\n|poke|p1|Milotic, L50, M|\n|poke|p1|Incineroar, L50, F|\n|poke|p1|Garchomp, L50, M|\n|poke|p1|Charizard, L50, M|\n|poke|p2|Charizard, L50, M|\n|poke|p2|Whimsicott, L50, F|\n|poke|p2|Venusaur, L50, F|\n|poke|p2|Dragonite, L50, M|\n|poke|p2|Sneasler, L50, M|\n|poke|p2|Torkoal, L50, F|\n|teampreview|4\n|inactive|Battle timer is ON: inactive players will automatically lose when time's up. (requested by Isidino)\n|inactive|Isidino has 60 seconds left.\n|\n|t:|1775891643\n|teamsize|p1|4\n|teamsize|p2|4\n|start\n|switch|p1a: Aerodactyl|Aerodactyl, L50, F|100/100\n|switch|p1b: Incineroar|Incineroar, L50, F|100/100\n|switch|p2a: Whimsicott|Whimsicott, L50, F, shiny|100/100\n|switch|p2b: Sneasler|Sneasler, L50, M|100/100\n|-ability|p1a: Aerodactyl|Unnerve\n|-ability|p1b: Incineroar|Intimidate|boost\n|-unboost|p2a: Whimsicott|atk|1\n|-unboost|p2b: Sneasler|atk|1\n|-enditem|p2b: Sneasler|White Herb\n|-clearnegativeboost|p2b: Sneasler|[silent]\n|turn|1\n|inactive|johandk has 30 seconds left.\n|\n|t:|1775891672\n|move|p2b: Sneasler|Fake Out|p1b: Incineroar\n|-damage|p1b: Incineroar|87/100\n|move|p2a: Whimsicott|Tailwind|p2a: Whimsicott\n|-sidestart|p2: Isidino|move: Tailwind\n|move|p1a: Aerodactyl|Dual Wingbeat|p2b: Sneasler\n|-supereffective|p2b: Sneasler|1\n|-crit|p2b: Sneasler\n|-damage|p2b: Sneasler|8/100\n|-supereffective|p2b: Sneasler|1\n|-damage|p2b: Sneasler|0 fnt\n|faint|p2b: Sneasler\n|-hitcount|p2: Sneasler|2\n|cant|p1b: Incineroar|flinch\n|\n|upkeep\n|\n|t:|1775891684\n|switch|p2b: Charizard|Charizard, L50, M, shiny|100/100\n|turn|2\n|\n|t:|1775891698\n|detailschange|p2b: Charizard|Charizard-Mega-Y, L50, M, shiny\n|-mega|p2b: Charizard|Charizard|Charizardite Y\n|-weather|SunnyDay|[from] ability: Drought|[of] p2b: Charizard\n|move|p2a: Whimsicott|Encore|p1a: Aerodactyl\n|-start|p1a: Aerodactyl|Encore\n|move|p2b: Charizard|Ancient Power|p1b: Incineroar\n|-supereffective|p1b: Incineroar|1\n|-damage|p1b: Incineroar|46/100\n|move|p1a: Aerodactyl|Dual Wingbeat|p2a: Whimsicott\n|-supereffective|p2a: Whimsicott|1\n|-damage|p2a: Whimsicott|42/100\n|-supereffective|p2a: Whimsicott|1\n|-damage|p2a: Whimsicott|0 fnt\n|faint|p2a: Whimsicott\n|-hitcount|p2: Whimsicott|2\n|move|p1b: Incineroar|Flare Blitz|p2b: Charizard\n|-resisted|p2b: Charizard|1\n|-damage|p2b: Charizard|43/100\n|-damage|p1b: Incineroar|31/100|[from] Recoil\n|\n|-weather|SunnyDay|[upkeep]\n|upkeep\n|\n|t:|1775891709\n|switch|p2a: Dragonite|Dragonite, L50, M|100/100\n|turn|3\n|inactive|johandk has 30 seconds left.\n|\n|t:|1775891735\n|switch|p1b: Charizard|Charizard, L50, M|100/100\n|move|p2b: Charizard|Heat Wave|p1b: Charizard|[spread] p1a,p1b\n|-resisted|p1a: Aerodactyl|1\n|-resisted|p1b: Charizard|1\n|-damage|p1a: Aerodactyl|52/100\n|-damage|p1b: Charizard|55/100\n|move|p2a: Dragonite|Thunderbolt|p1a: Aerodactyl\n|-supereffective|p1a: Aerodactyl|1\n|-damage|p1a: Aerodactyl|0 fnt\n|faint|p1a: Aerodactyl\n|\n|-weather|SunnyDay|[upkeep]\n|-damage|p1b: Charizard|43/100|[from] ability: Solar Power|[of] p1b: Charizard\n|upkeep\n|l|\u2606johandk\n|inactive|johandk disconnected and has a minute to reconnect!\n|player|p1|\n|inactive|johandk has 30 seconds left.\n|inactive|johandk has 20 seconds left.\n|inactive|johandk has 15 seconds left.\n|inactive|johandk has 10 seconds left.\n|inactive|johandk has 5 seconds left.\n|-message|johandk lost due to inactivity.\n|\n|win|Isidino\n|raw|johandk's rating: 1000 &rarr; <strong>1000</strong><br />(+0 for losing)\n|raw|Isidino's rating: 1046 &rarr; <strong>1075</strong><br />(+29 for winning)\n",
  "uploadtime": 1775891792,
  "views": 20,
  "formatid": "gen9championsvgc2026regma",
  "rating": 1000,
  "private": 0,
  "password": null
}