{
  "id": "gen9championsvgc2026regma-2581299944",
  "format": "[Gen 9 Champions] VGC 2026 Reg M-A",
  "players": [
    "sup cammile otp",
    "relaire"
  ],
  "log": "|j|\u2606sup cammile otp\n|j|\u2606relaire\n|t:|1775983383\n|gametype|doubles\n|player|p1|sup cammile otp|170|1243\n|player|p2|relaire|cynthia-masters|1325\n|gen|9\n|tier|[Gen 9 Champions] VGC 2026 Reg M-A\n|rated|\n|rule|Species Clause: Limit one of each Pok\u00e9mon\n|rule|Item Clause: Limit 1 of each item\n|clearpoke\n|poke|p1|Venusaur, L50, M|\n|poke|p1|Glimmora, L50, F|\n|poke|p1|Incineroar, L50, F|\n|poke|p1|Basculegion, L50, M|\n|poke|p1|Garchomp, L50, M|\n|poke|p1|Tyranitar, L50, F|\n|poke|p2|Froslass, L50, F|\n|poke|p2|Garchomp, L50, M|\n|poke|p2|Rotom-Frost, L50|\n|poke|p2|Empoleon, L50, M|\n|poke|p2|Incineroar, L50, M|\n|poke|p2|Kingambit, L50, M|\n|teampreview|4\n|inactive|Battle timer is ON: inactive players will automatically lose when time's up. (requested by relaire)\n|inactive|sup cammile otp has 60 seconds left.\n|inactive|relaire has 60 seconds left.\n|j| gE1xjZRtuhW2DdT0AK\n|inactive|relaire has 30 seconds left.\nsup cammile otp rejected open team sheets.\n|\n|t:|1775983446\n|teamsize|p1|4\n|teamsize|p2|4\n|start\n|switch|p1a: Garchomp|Garchomp, L50, M|100/100\n|switch|p1b: Incineroar|Incineroar, L50, F|100/100\n|switch|p2a: Garchomp|Garchomp, L50, M|100/100\n|switch|p2b: Froslass|Froslass, L50, F|100/100\n|-ability|p1b: Incineroar|Intimidate|boost\n|-unboost|p2a: Garchomp|atk|1\n|-unboost|p2b: Froslass|atk|1\n|-enditem|p2a: Garchomp|White Herb\n|-clearnegativeboost|p2a: Garchomp|[silent]\n|turn|1\n|inactive|sup cammile otp has 30 seconds left.\n|inactive|sup cammile otp has 20 seconds left.\n|inactive|sup cammile otp has 15 seconds left.\n|\n|t:|1775983489\n|switch|p1a: Tyranitar|Tyranitar, L50, F|100/100\n|-weather|Sandstorm|[from] ability: Sand Stream|[of] p1a: Tyranitar\n|detailschange|p2b: Froslass|Froslass-Mega, L50, F\n|-mega|p2b: Froslass|Froslass|Froslassite\n|-weather|Snowscape|[from] ability: Snow Warning|[of] p2b: Froslass\n|move|p2b: Froslass|Blizzard|p1b: Incineroar|[spread] p1a,p1b\n|-resisted|p1b: Incineroar|1\n|-damage|p1a: Tyranitar|50/100\n|-damage|p1b: Incineroar|81/100\n|move|p2a: Garchomp|Rock Slide|p1b: Incineroar|[spread] p1b\n|-miss|p2a: Garchomp|p1a: Tyranitar\n|-supereffective|p1b: Incineroar|1\n|-damage|p1b: Incineroar|44/100\n|move|p1b: Incineroar|Parting Shot|p2b: Froslass\n|-unboost|p2b: Froslass|atk|1\n|-unboost|p2b: Froslass|spa|1\n|\n|t:|1775983499\n|switch|p1b: Garchomp|Garchomp, L50, M|100/100|[from] Parting Shot\n|\n|-weather|Snowscape|[upkeep]\n|upkeep\n|turn|2\n|inactive|relaire has 30 seconds left.\n|\n|t:|1775983535\n|switch|p1b: Incineroar|Incineroar, L50, F|44/100\n|-ability|p1b: Incineroar|Intimidate|boost\n|-unboost|p2a: Garchomp|atk|1\n|-unboost|p2b: Froslass|atk|1\n|detailschange|p1a: Tyranitar|Tyranitar-Mega, L50, F\n|-mega|p1a: Tyranitar|Tyranitar|Tyranitarite\n|-weather|Sandstorm|[from] ability: Sand Stream|[of] p1a: Tyranitar\n|move|p2b: Froslass|Protect|p2b: Froslass\n|-singleturn|p2b: Froslass|Protect\n|move|p1a: Tyranitar|Protect|p1a: Tyranitar\n|-singleturn|p1a: Tyranitar|Protect\n|move|p2a: Garchomp|Earthquake|p1a: Tyranitar|[spread] p1b\n|-activate|p2b: Froslass|move: Protect\n|-activate|p1a: Tyranitar|move: Protect\n|-supereffective|p1b: Incineroar|1\n|-damage|p1b: Incineroar|0 fnt\n|faint|p1b: Incineroar\n|\n|-weather|Sandstorm|[upkeep]\n|-damage|p2b: Froslass|94/100|[from] Sandstorm\n|upkeep\n|\n|t:|1775983551\n|switch|p1b: Basculegion|Basculegion, L50, M|100/100\n|turn|3\n|\n|t:|1775983569\n|switch|p2b: Empoleon|Empoleon, L50, M|100/100\n|move|p1b: Basculegion|Wave Crash|p2a: Garchomp\n|-damage|p2a: Garchomp|22/100\n|-damage|p1b: Basculegion|88/100|[from] ability: Rough Skin|[of] p2a: Garchomp\n|-damage|p1b: Basculegion|64/100|[from] Recoil\n|move|p2a: Garchomp|Dragon Claw|p1a: Tyranitar\n|-damage|p1a: Tyranitar|32/100\n|move|p1a: Tyranitar|Dragon Dance|p1a: Tyranitar\n|-boost|p1a: Tyranitar|atk|1\n|-boost|p1a: Tyranitar|spe|1\n|\n|-weather|Sandstorm|[upkeep]\n|-damage|p1b: Basculegion|57/100|[from] Sandstorm\n|upkeep\n|turn|4\n|inactive|relaire has 30 seconds left.\n|\n|t:|1775983596\n|move|p1b: Basculegion|Wave Crash|p2a: Garchomp\n|-damage|p2a: Garchomp|0 fnt\n|-damage|p1b: Basculegion|45/100|[from] ability: Rough Skin|[of] p2a: Garchomp\n|faint|p2a: Garchomp\n|-damage|p1b: Basculegion|38/100|[from] Recoil\n|move|p1a: Tyranitar|Crunch|p2b: Empoleon\n|-damage|p2b: Empoleon|17/100\n|move|p2b: Empoleon|Water Pulse|p1a: Tyranitar\n|-supereffective|p1a: Tyranitar|1\n|-damage|p1a: Tyranitar|0 fnt\n|faint|p1a: Tyranitar\n|\n|-weather|Sandstorm|[upkeep]\n|-damage|p1b: Basculegion|32/100|[from] Sandstorm\n|-heal|p2b: Empoleon|22/100|[from] item: Leftovers\n|upkeep\n|-message|sup cammile otp forfeited.\n|\n|win|relaire\n|raw|sup cammile otp's rating: 1243 &rarr; <strong>1224</strong><br />(-19 for losing)\n|raw|relaire's rating: 1325 &rarr; <strong>1340</strong><br />(+15 for winning)\n|l|\u2606sup cammile otp\n|player|p1|\n|l|\u2606relaire\n|player|p2|\n",
  "uploadtime": 1775983621,
  "views": 20,
  "formatid": "gen9championsvgc2026regma",
  "rating": 1224,
  "private": 0,
  "password": null
}