{
  "id": "gen9championsvgc2026regma-2581667064",
  "format": "[Gen 9 Champions] VGC 2026 Reg M-A",
  "players": [
    "lynkawaii",
    "pee1"
  ],
  "log": "|j|\u2606lynkawaii\n|j|\u2606pee1\n|t:|1776019219\n|gametype|doubles\n|player|p1|lynkawaii|265|1000\n|player|p2|pee1|2|1000\n|gen|9\n|tier|[Gen 9 Champions] VGC 2026 Reg M-A\n|rated|\n|rule|Species Clause: Limit one of each Pok\u00e9mon\n|rule|Item Clause: Limit 1 of each item\n|clearpoke\n|poke|p1|Incineroar, L50, F|\n|poke|p1|Gengar, L50, M|\n|poke|p1|Sinistcha, L50|\n|poke|p1|Kingambit, L50, M|\n|poke|p1|Tyranitar, L50, M|\n|poke|p1|Kommo-o, L50, F|\n|poke|p2|Gengar, L50, M|\n|poke|p2|Vivillon-Icy Snow, L50, M|\n|poke|p2|Palafin, L50, M|\n|poke|p2|Kommo-o, L50, M|\n|poke|p2|Incineroar, L50, M|\n|poke|p2|Politoed, L50, M|\n|teampreview|4\n|inactive|Battle timer is ON: inactive players will automatically lose when time's up. (requested by pee1)\n|inactive|pee1 has 60 seconds left.\n|\n|t:|1776019260\n|teamsize|p1|4\n|teamsize|p2|4\n|start\n|switch|p1a: Gengar|Gengar, L50, M|100/100\n|switch|p1b: Kingambit|Kingambit, L50, M|100/100\n|switch|p2a: Vivillon|Vivillon-Icy Snow, L50, M|100/100\n|switch|p2b: Kommo-o|Kommo-o, L50, M|100/100\n|turn|1\n|inactive|lynkawaii has 30 seconds left.\n|inactive|pee1 has 30 seconds left.\n|inactive|lynkawaii has 20 seconds left.\n|inactive|lynkawaii has 15 seconds left.\n|\n|t:|1776019304\n|switch|p1b: Incineroar|Incineroar, L50, F|100/100\n|-ability|p1b: Incineroar|Intimidate|boost\n|-unboost|p2a: Vivillon|atk|1\n|-unboost|p2b: Kommo-o|atk|1\n|detailschange|p1a: Gengar|Gengar-Mega, L50, M\n|-mega|p1a: Gengar|Gengar|Gengarite\n|move|p2b: Kommo-o|Protect|p2b: Kommo-o\n|-singleturn|p2b: Kommo-o|Protect\n|move|p1a: Gengar|Substitute|p1a: Gengar\n|-start|p1a: Gengar|Substitute\n|-damage|p1a: Gengar|76/100\n|move|p2a: Vivillon|Sleep Powder|p1b: Incineroar\n|-status|p1b: Incineroar|slp|[from] move: Sleep Powder\n|-enditem|p1b: Incineroar|Lum Berry|[eat]\n|-curestatus|p1b: Incineroar|slp|[msg]\n|\n|upkeep\n|turn|2\n|inactive|lynkawaii has 30 seconds left.\n|\n|t:|1776019329\n|move|p2a: Vivillon|Protect|p2a: Vivillon\n|-singleturn|p2a: Vivillon|Protect\n|move|p1b: Incineroar|Fake Out|p2a: Vivillon\n|-activate|p2a: Vivillon|move: Protect\n|move|p1a: Gengar|Shadow Ball|p2a: Vivillon\n|-activate|p2a: Vivillon|move: Protect\n|move|p2b: Kommo-o|Clangorous Soul|p2b: Kommo-o\n|-boost|p2b: Kommo-o|atk|1\n|-boost|p2b: Kommo-o|def|1\n|-boost|p2b: Kommo-o|spa|1\n|-boost|p2b: Kommo-o|spd|1\n|-boost|p2b: Kommo-o|spe|1\n|-damage|p2b: Kommo-o|68/100\n|\n|upkeep\n|turn|3\n|\n|t:|1776019348\n|move|p2b: Kommo-o|Clanging Scales|p1b: Incineroar|[spread] p1a,p1b\n|-damage|p1a: Gengar|0 fnt\n|-damage|p1b: Incineroar|47/100\n|faint|p1a: Gengar\n|-unboost|p2b: Kommo-o|def|1\n|move|p2a: Vivillon|Sleep Powder|p1b: Incineroar\n|-status|p1b: Incineroar|slp|[from] move: Sleep Powder\n|cant|p1b: Incineroar|slp\n|\n|upkeep\n|-message|lynkawaii forfeited.\n|\n|win|pee1\n|raw|lynkawaii's rating: 1000 &rarr; <strong>1000</strong><br />(+0 for losing)\n|raw|pee1's rating: 1000 &rarr; <strong>1040</strong><br />(+40 for winning)\n|l|\u2606lynkawaii\n|player|p1|\n",
  "uploadtime": 1776019389,
  "views": 14,
  "formatid": "gen9championsvgc2026regma",
  "rating": 1000,
  "private": 0,
  "password": null
}