{
  "id": "gen9championsvgc2026regma-2585681370",
  "format": "[Gen 9 Champions] VGC 2026 Reg M-A",
  "players": [
    "Clayton Rasta",
    "GepecavaIIi"
  ],
  "log": "|j|\u2606Clayton Rasta\n|j|\u2606GepecavaIIi\n|t:|1776363371\n|gametype|doubles\n|player|p1|Clayton Rasta|101|1221\n|player|p2|GepecavaIIi|lance|1293\n|gen|9\n|tier|[Gen 9 Champions] VGC 2026 Reg M-A\n|rated|\n|rule|Species Clause: Limit one of each Pok\u00e9mon\n|rule|Item Clause: Limit 1 of each item\n|clearpoke\n|poke|p1|Charizard, L50, M|\n|poke|p1|Venusaur, L50, F|\n|poke|p1|Garchomp, L50, M|\n|poke|p1|Whimsicott, L50, M|\n|poke|p1|Alakazam, L50, F|\n|poke|p1|Sneasler, L50, F|\n|poke|p2|Drampa, L50, M|\n|poke|p2|Sinistcha, L50|\n|poke|p2|Farigiraf, L50, F|\n|poke|p2|Torkoal, L50, F|\n|poke|p2|Delphox, L50, M|\n|poke|p2|Aerodactyl, L50, M|\n|teampreview|4\n|inactive|Battle timer is ON: inactive players will automatically lose when time's up. (requested by Clayton Rasta)\n|inactive|GepecavaIIi has 60 seconds left.\n|\n|t:|1776363424\n|teamsize|p1|4\n|teamsize|p2|4\n|start\n|switch|p1a: Charizard|Charizard, L50, M, shiny|100/100\n|switch|p1b: Venusaur|Venusaur, L50, F|100/100\n|switch|p2a: Aerodactyl|Aerodactyl, L50, M|100/100\n|switch|p2b: Delphox|Delphox, L50, M|100/100\n|-ability|p2a: Aerodactyl|Unnerve\n|turn|1\n|inactive|Clayton Rasta has 30 seconds left.\n|\n|t:|1776363452\n|detailschange|p1a: Charizard|Charizard-Mega-Y, L50, M, shiny\n|-mega|p1a: Charizard|Charizard|Charizardite Y\n|-weather|SunnyDay|[from] ability: Drought|[of] p1a: Charizard\n|move|p1a: Charizard|Protect|p1a: Charizard\n|-singleturn|p1a: Charizard|Protect\n|move|p2b: Delphox|Protect|p2b: Delphox\n|-singleturn|p2b: Delphox|Protect\n|move|p1b: Venusaur|Sleep Powder|p2b: Delphox\n|-activate|p2b: Delphox|move: Protect\n|move|p2a: Aerodactyl|Tailwind|p2a: Aerodactyl\n|-sidestart|p2: GepecavaIIi|move: Tailwind\n|\n|-weather|SunnyDay|[upkeep]\n|upkeep\n|turn|2\n|\n|t:|1776363471\n|detailschange|p2b: Delphox|Delphox-Mega, L50, M\n|-mega|p2b: Delphox|Delphox|Delphoxite\n|move|p2a: Aerodactyl|Rock Slide|p1a: Charizard|[spread] p1a,p1b\n|-supereffective|p1a: Charizard|2\n|-crit|p1b: Venusaur\n|-damage|p1a: Charizard|0 fnt\n|-damage|p1b: Venusaur|52/100\n|faint|p1a: Charizard\n|move|p2b: Delphox|Heat Wave|p1b: Venusaur\n|-supereffective|p1b: Venusaur|1\n|-damage|p1b: Venusaur|0 fnt\n|faint|p1b: Venusaur\n|\n|-weather|SunnyDay|[upkeep]\n|upkeep\n|\n|t:|1776363482\n|switch|p1a: Sneasler|Sneasler, L50, F|100/100\n|switch|p1b: Garchomp|Garchomp, L50, M|100/100\n|turn|3\n|\n|t:|1776363506\n|move|p1a: Sneasler|Fake Out|p2a: Aerodactyl\n|-resisted|p2a: Aerodactyl|1\n|-damage|p2a: Aerodactyl|87/100\n|cant|p2a: Aerodactyl|flinch\n|move|p2b: Delphox|Psychic|p1b: Garchomp\n|-damage|p1b: Garchomp|30/100\n|move|p1b: Garchomp|Rock Slide|p2b: Delphox|[spread] p2a,p2b\n|-supereffective|p2a: Aerodactyl|1\n|-supereffective|p2b: Delphox|1\n|-damage|p2a: Aerodactyl|20/100\n|-damage|p2b: Delphox|38/100\n|\n|-weather|SunnyDay|[upkeep]\n|upkeep\n|turn|4\n|inactive|Clayton Rasta has 30 seconds left.\n|\n|t:|1776363532\n|move|p2a: Aerodactyl|Dual Wingbeat|p1a: Sneasler\n|-supereffective|p1a: Sneasler|1\n|-damage|p1a: Sneasler|35/100\n|-supereffective|p1a: Sneasler|1\n|-damage|p1a: Sneasler|0 fnt\n|faint|p1a: Sneasler\n|-hitcount|p1: Sneasler|2\n|move|p2b: Delphox|Psychic|p1b: Garchomp\n|-damage|p1b: Garchomp|0 fnt\n|faint|p1b: Garchomp\n|\n|win|GepecavaIIi\n|raw|Clayton Rasta's rating: 1221 &rarr; <strong>1201</strong><br />(-20 for losing)\n|raw|GepecavaIIi's rating: 1293 &rarr; <strong>1313</strong><br />(+20 for winning)\n",
  "uploadtime": 1776363545,
  "views": 26,
  "formatid": "gen9championsvgc2026regma",
  "rating": 1201,
  "private": 0,
  "password": null
}