{
  "id": "gen9championsvgc2026regma-2587451504",
  "format": "[Gen 9 Champions] VGC 2026 Reg M-A",
  "players": [
    "Melon_Puffs94",
    "12DDDD"
  ],
  "log": "|j|\u2606Melon_Puffs94\n|j|\u260612DDDD\n|t:|1776532942\n|gametype|doubles\n|player|p1|Melon_Puffs94|bianca|1193\n|player|p2|12DDDD|preschooler|1189\n|gen|9\n|tier|[Gen 9 Champions] VGC 2026 Reg M-A\n|rated|\n|rule|Species Clause: Limit one of each Pok\u00e9mon\n|rule|Item Clause: Limit 1 of each item\n|clearpoke\n|poke|p1|Zoroark-Hisui, L50, F, shiny|\n|poke|p1|Milotic, L50, F, shiny|\n|poke|p1|Kangaskhan, L50, F|\n|poke|p1|Arcanine-Hisui, L50, M|\n|poke|p1|Dragonite, L50, F, shiny|\n|poke|p1|Sinistcha, L50|\n|poke|p2|Oranguru, L50, F|\n|poke|p2|Gallade, L50, M|\n|poke|p2|Crabominable, L50, F|\n|poke|p2|Rhyperior, L50, M|\n|poke|p2|Torkoal, L50, M|\n|poke|p2|Heliolisk, L50, M|\n|teampreview|4\n|inactive|Battle timer is ON: inactive players will automatically lose when time's up. (requested by Melon_Puffs94)\n|\n|t:|1776532969\n|teamsize|p1|4\n|teamsize|p2|4\n|start\n|switch|p1a: Milotic|Milotic, L50, F, shiny|100/100\n|switch|p1b: Kangaskhan|Kangaskhan, L50, F|100/100\n|switch|p2a: Oranguru|Oranguru, L50, F|100/100\n|switch|p2b: Crabominable|Crabominable, L50, F|100/100\n|turn|1\n|\n|t:|1776532986\n|detailschange|p2b: Crabominable|Crabominable-Mega, L50, F\n|-mega|p2b: Crabominable|Crabominable|Crabominite\n|move|p1b: Kangaskhan|Taunt|p2a: Oranguru\n|-start|p2a: Oranguru|move: Taunt\n|move|p1a: Milotic|Scald|p2b: Crabominable\n|-damage|p2b: Crabominable|78/100\n|-status|p2b: Crabominable|brn\n|cant|p2a: Oranguru|move: Taunt|Skill Swap\n|move|p2b: Crabominable|Drain Punch|p1b: Kangaskhan\n|-immune|p1b: Kangaskhan\n|\n|-damage|p2b: Crabominable|72/100 brn|[from] brn\n|upkeep\n|turn|2\n|-message|12DDDD forfeited.\n|\n|win|Melon_Puffs94\n|raw|Melon_Puffs94's rating: 1193 &rarr; <strong>1218</strong><br />(+25 for winning)\n|raw|12DDDD's rating: 1189 &rarr; <strong>1164</strong><br />(-25 for losing)\n|l|\u260612DDDD\n|player|p2|\n",
  "uploadtime": 1776533023,
  "views": 12,
  "formatid": "gen9championsvgc2026regma",
  "rating": 1164,
  "private": 0,
  "password": null
}