{
  "id": "gen9championsvgc2026regma-2588526159",
  "format": "[Gen 9 Champions] VGC 2026 Reg M-A",
  "players": [
    "Melmetalica",
    "colfox"
  ],
  "log": "|j|\u2606Melmetalica\n|j|\u203dcolfox\n|t:|1776641690\n|gametype|doubles\n|player|p1|Melmetalica|102|1140\n|player|p2|colfox|101|1150\n|gen|9\n|tier|[Gen 9 Champions] VGC 2026 Reg M-A\n|rated|\n|rule|Species Clause: Limit one of each Pok\u00e9mon\n|rule|Item Clause: Limit 1 of each item\n|clearpoke\n|poke|p1|Floette-Eternal, L50, F|\n|poke|p1|Sableye, L50, F|\n|poke|p1|Espathra, L50, M|\n|poke|p1|Gengar, L50, F|\n|poke|p1|Primarina, L50, M|\n|poke|p1|Slurpuff, L50, M|\n|poke|p2|Lucario, L50, M|\n|poke|p2|Weavile, L50, F|\n|poke|p2|Pelipper, L50, F|\n|poke|p2|Heliolisk, L50, F|\n|poke|p2|Dragapult, L50, F|\n|poke|p2|Primarina, L50, M|\n|teampreview|4\n|inactive|Battle timer is ON: inactive players will automatically lose when time's up. (requested by Melmetalica)\n|\n|t:|1776641741\n|teamsize|p1|4\n|teamsize|p2|4\n|start\n|switch|p1a: Sableye|Sableye, L50, F|100/100\n|switch|p1b: Espathra|Espathra, L50, M|100/100\n|switch|p2a: Weavile|Weavile, L50, F|100/100\n|switch|p2b: Lucario|Lucario, L50, M|100/100\n|-ability|p2a: Weavile|Pressure\n|turn|1\n|inactive|Melmetalica has 30 seconds left.\n|inactive|colfox has 30 seconds left.\n|\n|t:|1776641772\n|move|p1b: Espathra|Protect|p1b: Espathra\n|-singleturn|p1b: Espathra|Protect\n|move|p2a: Weavile|Fake Out|p1b: Espathra\n|-activate|p1b: Espathra|move: Protect\n|move|p1a: Sableye|Will-O-Wisp|p2b: Lucario\n|-status|p2b: Lucario|brn\n|move|p2b: Lucario|Flash Cannon|p1b: Espathra\n|-activate|p1b: Espathra|move: Protect\n|\n|-damage|p2b: Lucario|94/100 brn|[from] brn\n|-ability|p1b: Espathra|Speed Boost|boost\n|-boost|p1b: Espathra|spe|1\n|upkeep\n|turn|2\n|inactive|colfox has 30 seconds left.\n|\n|t:|1776641800\n|detailschange|p2b: Lucario|Lucario-Mega, L50, M\n|-mega|p2b: Lucario|Lucario|Lucarionite\n|move|p1a: Sableye|Encore|p2b: Lucario\n|-start|p2b: Lucario|Encore\n|move|p1b: Espathra|Calm Mind|p1b: Espathra\n|-boost|p1b: Espathra|spa|1\n|-boost|p1b: Espathra|spd|1\n|move|p2a: Weavile|Knock Off|p1b: Espathra\n|-supereffective|p1b: Espathra|1\n|-crit|p1b: Espathra\n|-damage|p1b: Espathra|0 fnt\n|-enditem|p1b: Espathra|Mental Herb|[from] move: Knock Off|[of] p2a: Weavile\n|faint|p1b: Espathra\n|move|p2b: Lucario|Flash Cannon|p1a: Sableye\n|-damage|p1a: Sableye|20/100\n|-unboost|p1a: Sableye|spd|1\n|\n|-damage|p2b: Lucario|88/100 brn|[from] brn\n|upkeep\n|\n|t:|1776641821\n|switch|p1b: Gengar|Gengar, L50, F|100/100\n|turn|3\n|\n|t:|1776641842\n|detailschange|p1b: Gengar|Gengar-Mega, L50, F\n|-mega|p1b: Gengar|Gengar|Gengarite\n|move|p1a: Sableye|Quash|p2b: Lucario\n|-activate|p2b: Lucario|move: Quash\n|move|p1b: Gengar|Dazzling Gleam|p2a: Weavile|[spread] p2a,p2b\n|-supereffective|p2a: Weavile|1\n|-damage|p2a: Weavile|26/100\n|-damage|p2b: Lucario|47/100 brn\n|move|p2a: Weavile|Knock Off|p1b: Gengar\n|-supereffective|p1b: Gengar|1\n|-damage|p1b: Gengar|0 fnt\n|faint|p1b: Gengar\n|move|p2b: Lucario|Flash Cannon|p1a: Sableye\n|-damage|p1a: Sableye|0 fnt\n|faint|p1a: Sableye\n|\n|-damage|p2b: Lucario|41/100 brn|[from] brn\n|upkeep\n|-message|Melmetalica forfeited.\n|\n|win|colfox\n|raw|Melmetalica's rating: 1140 &rarr; <strong>1116</strong><br />(-24 for losing)\n|raw|colfox's rating: 1150 &rarr; <strong>1174</strong><br />(+24 for winning)\n|l|\u2606Melmetalica\n|player|p1|\n",
  "uploadtime": 1776641862,
  "views": 11,
  "formatid": "gen9championsvgc2026regma",
  "rating": 1116,
  "private": 0,
  "password": null
}