{
  "id": "gen9championsvgc2026regma-2587184489",
  "format": "[Gen 9 Champions] VGC 2026 Reg M-A",
  "players": [
    "nat4heal",
    "Kawanohito"
  ],
  "log": "|j|\u2606nat4heal\n|j|\u2606Kawanohito\n|t:|1776505755\n|gametype|doubles\n|player|p1|nat4heal|ghetsis|1504\n|player|p2|Kawanohito|265|1418\n|gen|9\n|tier|[Gen 9 Champions] VGC 2026 Reg M-A\n|rated|\n|rule|Species Clause: Limit one of each Pok\u00e9mon\n|rule|Item Clause: Limit 1 of each item\n|clearpoke\n|poke|p1|Gengar, L50, F, shiny|\n|poke|p1|Sableye, L50, F|\n|poke|p1|Incineroar, L50, F|\n|poke|p1|Sneasler, L50, F|\n|poke|p1|Kingambit, L50, F|\n|poke|p1|Primarina, L50, M|\n|poke|p2|Slowbro, L50, M|\n|poke|p2|Incineroar, L50, F|\n|poke|p2|Sinistcha, L50|\n|poke|p2|Sneasler, L50, M|\n|poke|p2|Garchomp, L50, F|\n|poke|p2|Dragapult, L50, M|\n|teampreview|4\nKawanohito rejected open team sheets.\n|inactive|Battle timer is ON: inactive players will automatically lose when time's up. (requested by Kawanohito)\n|\n|t:|1776505851\n|teamsize|p1|4\n|teamsize|p2|4\n|start\n|switch|p1a: Incineroar|Incineroar, L50, F|100/100\n|switch|p1b: Gengar|Gengar, L50, F, shiny|100/100\n|switch|p2a: Slowbro|Slowbro, L50, M|100/100\n|switch|p2b: Garchomp|Garchomp, L50, F|100/100\n|-ability|p1a: Incineroar|Intimidate|boost\n|-fail|p2a: Slowbro|unboost|Attack|[from] ability: Oblivious|[of] p2a: Slowbro\n|-unboost|p2b: Garchomp|atk|1\n|turn|1\n|inactive|Kawanohito has 30 seconds left.\n|\n|t:|1776505876\n|detailschange|p1b: Gengar|Gengar-Mega, L50, F, shiny\n|-mega|p1b: Gengar|Gengar|Gengarite\n|detailschange|p2a: Slowbro|Slowbro-Mega, L50, M\n|-mega|p2a: Slowbro|Slowbro|Slowbronite\n|move|p1a: Incineroar|Fake Out|p2a: Slowbro\n|-damage|p2a: Slowbro|95/100\n|move|p2b: Garchomp|Stomping Tantrum|p1b: Gengar\n|-supereffective|p1b: Gengar|1\n|-damage|p1b: Gengar|32/100\n|move|p1b: Gengar|Perish Song|p1b: Gengar\n|-start|p1a: Incineroar|perish3|[silent]\n|-start|p1b: Gengar|perish3|[silent]\n|-start|p2a: Slowbro|perish3|[silent]\n|-start|p2b: Garchomp|perish3|[silent]\n|-fieldactivate|move: Perish Song\n|cant|p2a: Slowbro|flinch\n|\n|-start|p2b: Garchomp|perish3\n|-start|p1b: Gengar|perish3\n|-start|p1a: Incineroar|perish3\n|-start|p2a: Slowbro|perish3\n|upkeep\n|turn|2\n|inactive|Kawanohito has 30 seconds left.\n|\n|t:|1776505903\n|move|p1b: Gengar|Protect|p1b: Gengar\n|-singleturn|p1b: Gengar|Protect\n|move|p1a: Incineroar|Protect|p1a: Incineroar\n|-singleturn|p1a: Incineroar|Protect\n|move|p2b: Garchomp|Stomping Tantrum|p1b: Gengar\n|-activate|p1b: Gengar|move: Protect\n|move|p2a: Slowbro|Body Press|p1a: Incineroar\n|-activate|p1a: Incineroar|move: Protect\n|\n|-start|p2b: Garchomp|perish2\n|-start|p1b: Gengar|perish2\n|-start|p1a: Incineroar|perish2\n|-start|p2a: Slowbro|perish2\n|upkeep\n|turn|3\n|inactive|Kawanohito has 30 seconds left.\n|\n|t:|1776505935\n|switch|p1b: Sableye|Sableye, L50, F|100/100\n|move|p2b: Garchomp|Stomping Tantrum|p1a: Incineroar\n|-supereffective|p1a: Incineroar|1\n|-enditem|p1a: Incineroar|Shuca Berry|[eat]\n|-enditem|p1a: Incineroar|Shuca Berry|[weaken]\n|-damage|p1a: Incineroar|75/100\n|move|p1a: Incineroar|Parting Shot|p2b: Garchomp\n|-unboost|p2b: Garchomp|atk|1\n|-unboost|p2b: Garchomp|spa|1\n|inactive|nat4heal has 30 seconds left.\n|inactive|nat4heal has 20 seconds left.\n|\n|t:|1776505971\n|switch|p1a: Gengar|Gengar-Mega, L50, F, shiny|32/100|[from] Parting Shot\n|move|p2a: Slowbro|Body Press|p1a: Gengar\n|-immune|p1a: Gengar\n|\n|-start|p2b: Garchomp|perish1\n|-start|p2a: Slowbro|perish1\n|upkeep\n|turn|4\n|-message|Kawanohito forfeited.\n|\n|win|nat4heal\n|raw|nat4heal's rating: 1504 &rarr; <strong>1519</strong><br />(+15 for winning)\n|raw|Kawanohito's rating: 1418 &rarr; <strong>1403</strong><br />(-15 for losing)\n|l|\u2606Kawanohito\n|player|p2|\n|l|\u2606nat4heal\n|player|p1|\n",
  "uploadtime": 1776506040,
  "views": 23,
  "formatid": "gen9championsvgc2026regma",
  "rating": 1403,
  "private": 0,
  "password": null
}