{
  "id": "gen9championsvgc2026regma-2586797930",
  "format": "[Gen 9 Champions] VGC 2026 Reg M-A",
  "players": [
    "DragonMasterCody",
    "Buhginghi"
  ],
  "log": "|j|\u2606DragonMasterCody\n|j|\u2606Buhginghi\n|t:|1776460732\n|gametype|doubles\n|player|p1|DragonMasterCody|lance|1204\n|player|p2|Buhginghi|cheryl|1305\n|gen|9\n|tier|[Gen 9 Champions] VGC 2026 Reg M-A\n|rated|\n|rule|Species Clause: Limit one of each Pok\u00e9mon\n|rule|Item Clause: Limit 1 of each item\n|clearpoke\n|poke|p1|Pelipper, L50, F|\n|poke|p1|Greninja-*, L50, M|\n|poke|p1|Basculegion, L50, M|\n|poke|p1|Quaquaval, L50, F|\n|poke|p1|Gengar, L50, M|\n|poke|p1|Kingambit, L50, F|\n|poke|p2|Froslass, L50, F|\n|poke|p2|Kingambit, L50, M|\n|poke|p2|Sneasler, L50, M|\n|poke|p2|Rotom-Heat, L50|\n|poke|p2|Sinistcha, L50|\n|poke|p2|Incineroar, L50, M|\n|teampreview|4\nBuhginghi has agreed to open team sheets.\n|\n|t:|1776460781\n|teamsize|p1|4\n|teamsize|p2|4\n|start\n|switch|p1a: Pelipper|Pelipper, L50, F|100/100\n|switch|p1b: Greninja|Greninja, L50, M|100/100\n|switch|p2a: Kingambit|Kingambit, L50, M|100/100\n|switch|p2b: Sneasler|Sneasler, L50, M|100/100\n|-weather|RainDance|[from] ability: Drizzle|[of] p1a: Pelipper\n|turn|1\n|\n|t:|1776460818\n|move|p2b: Sneasler|Fake Out|p1a: Pelipper\n|-damage|p1a: Pelipper|85/100\n|move|p1b: Greninja|Hydro Pump|p2b: Sneasler\n|-start|p1b: Greninja|typechange|Water|[from] ability: Protean\n|-damage|p2b: Sneasler|0 fnt\n|faint|p2b: Sneasler\n|cant|p1a: Pelipper|flinch\n|move|p2a: Kingambit|Swords Dance|p2a: Kingambit\n|-boost|p2a: Kingambit|atk|2\n|\n|-weather|RainDance|[upkeep]\n|upkeep\n|\n|t:|1776460827\n|switch|p2b: Froslass|Froslass, L50, F|100/100\n|turn|2\n|\n|t:|1776460837\n|switch|p1a: Kingambit|Kingambit, L50, F|100/100\n|detailschange|p2b: Froslass|Froslass-Mega, L50, F\n|-mega|p2b: Froslass|Froslass|Froslassite\n|-weather|Snowscape|[from] ability: Snow Warning|[of] p2b: Froslass\n|move|p1b: Greninja|Protect|p1b: Greninja\n|-singleturn|p1b: Greninja|Protect\n|move|p2a: Kingambit|Sucker Punch||[still]\n|-fail|p2a: Kingambit\n|move|p2b: Froslass|Aurora Veil|p2b: Froslass\n|-sidestart|p2: Buhginghi|move: Aurora Veil\n|\n|-weather|Snowscape|[upkeep]\n|upkeep\n|turn|3\n|\n|t:|1776460857\n|detailschange|p1b: Greninja|Greninja-Mega, L50, M\n|-mega|p1b: Greninja|Greninja|Greninjite\n|move|p1b: Greninja|Dark Pulse|p2b: Froslass\n|-start|p1b: Greninja|typechange|Dark|[from] ability: Protean\n|-supereffective|p2b: Froslass|1\n|-damage|p2b: Froslass|31/100\n|move|p2b: Froslass|Shadow Ball|p1a: Kingambit\n|-resisted|p1a: Kingambit|1\n|-damage|p1a: Kingambit|77/100\n|move|p2a: Kingambit|Kowtow Cleave|p1a: Kingambit\n|-resisted|p1a: Kingambit|1\n|-damage|p1a: Kingambit|38/100\n|move|p1a: Kingambit|Low Kick|p2a: Kingambit\n|-supereffective|p2a: Kingambit|2\n|-damage|p2a: Kingambit|21/100\n|\n|-weather|Snowscape|[upkeep]\n|upkeep\n|turn|4\n|\n|t:|1776460881\n|move|p1b: Greninja|Water Shuriken|p2a: Kingambit\n|-damage|p2a: Kingambit|17/100\n|-damage|p2a: Kingambit|14/100\n|-damage|p2a: Kingambit|10/100\n|-damage|p2a: Kingambit|7/100\n|-hitcount|p2a: Kingambit|4\n|move|p2a: Kingambit|Sucker Punch||[still]\n|-fail|p2a: Kingambit\n|move|p1a: Kingambit|Sucker Punch|p2b: Froslass\n|-supereffective|p2b: Froslass|1\n|-damage|p2b: Froslass|0 fnt\n|faint|p2b: Froslass\n|\n|-weather|Snowscape|[upkeep]\n|upkeep\n|-message|Buhginghi forfeited.\n|\n|win|DragonMasterCody\n|raw|DragonMasterCody's rating: 1204 &rarr; <strong>1236</strong><br />(+32 for winning)\n|raw|Buhginghi's rating: 1305 &rarr; <strong>1279</strong><br />(-26 for losing)\n|l|\u2606Buhginghi\n|player|p2|\n",
  "uploadtime": 1776460894,
  "views": 40,
  "formatid": "gen9championsvgc2026regma",
  "rating": 1236,
  "private": 0,
  "password": null
}