{
  "id": "gen9championsvgc2026regma-2583301523",
  "format": "[Gen 9 Champions] VGC 2026 Reg M-A",
  "players": [
    "CirclesOfSwellow",
    "BenjaTF7"
  ],
  "log": "|j|\u2606CirclesOfSwellow\n|j|\u2606BenjaTF7\n|t:|1776164811\n|gametype|doubles\n|player|p1|CirclesOfSwellow|barry|1022\n|player|p2|BenjaTF7|ghetsis-gen5bw|1071\n|gen|9\n|tier|[Gen 9 Champions] VGC 2026 Reg M-A\n|rated|\n|rule|Species Clause: Limit one of each Pok\u00e9mon\n|rule|Item Clause: Limit 1 of each item\n|clearpoke\n|poke|p1|Scovillain, L50, F|\n|poke|p1|Torkoal, L50, M|\n|poke|p1|Glaceon, L50, F|\n|poke|p1|Ninetales-Alola, L50, M|\n|poke|p1|Talonflame, L50, F|\n|poke|p1|Klefki, L50, M|\n|poke|p2|Charizard, L50, F|\n|poke|p2|Typhlosion-Hisui, L50, F|\n|poke|p2|Incineroar, L50, F|\n|poke|p2|Farigiraf, L50, F|\n|poke|p2|Venusaur, L50, F|\n|poke|p2|Gallade, L50, M|\n|teampreview|4\n|inactive|Battle timer is ON: inactive players will automatically lose when time's up. (requested by CirclesOfSwellow)\n|inactive|CirclesOfSwellow has 60 seconds left.\n|inactive|BenjaTF7 has 60 seconds left.\n|\n|t:|1776164860\n|teamsize|p1|4\n|teamsize|p2|4\n|start\n|switch|p1a: Scovillain|Scovillain, L50, F|100/100\n|switch|p1b: Talonflame|Talonflame, L50, F|100/100\n|switch|p2a: Typhlosion|Typhlosion-Hisui, L50, F, shiny|100/100\n|switch|p2b: Incineroar|Incineroar, L50, F, shiny|100/100\n|-item|p1a: Scovillain|Scovillainite|[from] ability: Frisk|[of] p2a: Typhlosion\n|-item|p1b: Talonflame|Focus Sash|[from] ability: Frisk|[of] p2a: Typhlosion\n|-ability|p2b: Incineroar|Intimidate|boost\n|-unboost|p1a: Scovillain|atk|1\n|-unboost|p1b: Talonflame|atk|1\n|turn|1\n|inactive|CirclesOfSwellow has 30 seconds left.\n|inactive|CirclesOfSwellow has 20 seconds left.\n|inactive|BenjaTF7 has 30 seconds left.\n|inactive|CirclesOfSwellow has 15 seconds left.\n|inactive|BenjaTF7 has 20 seconds left.\n|\n|t:|1776164910\n|detailschange|p1a: Scovillain|Scovillain-Mega, L50, F\n|-mega|p1a: Scovillain|Scovillain|Scovillainite\n|move|p2b: Incineroar|Fake Out|p1b: Talonflame\n|-damage|p1b: Talonflame|84/100\n|move|p2a: Typhlosion|Eruption|p1b: Talonflame|[spread] p1a,p1b\n|-crit|p1a: Scovillain\n|-resisted|p1b: Talonflame|1\n|-damage|p1a: Scovillain|5/100\n|-damage|p1b: Talonflame|51/100\n|-immune|p2a: Typhlosion\n|cant|p1b: Talonflame|flinch\n|move|p1a: Scovillain|Overheat|p2a: Typhlosion\n|-resisted|p2a: Typhlosion|1\n|-damage|p2a: Typhlosion|58/100\n|-unboost|p1a: Scovillain|spa|2\n|\n|upkeep\n|turn|2\n|inactive|CirclesOfSwellow has 30 seconds left.\n|inactive|BenjaTF7 has 30 seconds left.\n|inactive|CirclesOfSwellow has 20 seconds left.\n|inactive|CirclesOfSwellow has 15 seconds left.\n|inactive|CirclesOfSwellow has 10 seconds left.\n|inactive|CirclesOfSwellow has 5 seconds left.\n|\n|t:|1776164961\n|move|p1a: Scovillain|Helping Hand|p1b: Talonflame\n|-singleturn|p1b: Talonflame|Helping Hand|[of] p1a: Scovillain\n|move|p2a: Typhlosion|Eruption|p1b: Talonflame|[spread] p1a,p1b\n|-resisted|p1b: Talonflame|1\n|-damage|p1a: Scovillain|0 fnt\n|-damage|p1b: Talonflame|29/100\n|-immune|p2a: Typhlosion\n|faint|p1a: Scovillain\n|move|p1b: Talonflame|Brave Bird|p2a: Typhlosion\n|-damage|p2a: Typhlosion|0 fnt\n|faint|p2a: Typhlosion\n|-damage|p1b: Talonflame|13/100|[from] Recoil\n|move|p2b: Incineroar|Parting Shot|p1b: Talonflame\n|-unboost|p1b: Talonflame|atk|1\n|-unboost|p1b: Talonflame|spa|1\n|\n|t:|1776164974\n|switch|p2b: Charizard|Charizard, L50, F, shiny|100/100|[from] Parting Shot\n|\n|upkeep\n|\n|t:|1776164979\n|switch|p2a: Incineroar|Incineroar, L50, F, shiny|100/100\n|switch|p1a: Glaceon|Glaceon, L50, F|100/100\n|-ability|p2a: Incineroar|Intimidate|boost\n|-unboost|p1a: Glaceon|atk|1\n|-unboost|p1b: Talonflame|atk|1\n|turn|3\n|\n|t:|1776164987\n|switch|p1b: Ninetales|Ninetales-Alola, L50, M|100/100\n|-weather|Snowscape|[from] ability: Snow Warning|[of] p1b: Ninetales\n|detailschange|p2b: Charizard|Charizard-Mega-Y, L50, F, shiny\n|-mega|p2b: Charizard|Charizard|Charizardite Y\n|-weather|SunnyDay|[from] ability: Drought|[of] p2b: Charizard\n|move|p2a: Incineroar|Fake Out|p1a: Glaceon|[miss]\n|-miss|p2a: Incineroar|p1a: Glaceon\n|move|p2b: Charizard|Heat Wave|p1b: Ninetales|[spread] p1a,p1b\n|-supereffective|p1a: Glaceon|1\n|-supereffective|p1b: Ninetales|1\n|-damage|p1a: Glaceon|0 fnt\n|-damage|p1b: Ninetales|0 fnt\n|faint|p1a: Glaceon\n|faint|p1b: Ninetales\n|\n|-weather|SunnyDay|[upkeep]\n|upkeep\n|-message|CirclesOfSwellow forfeited.\n|\n|win|BenjaTF7\n|raw|CirclesOfSwellow's rating: 1022 &rarr; <strong>1011</strong><br />(-11 for losing)\n|raw|BenjaTF7's rating: 1071 &rarr; <strong>1096</strong><br />(+25 for winning)\n|l|\u2606CirclesOfSwellow\n|player|p1|\n",
  "uploadtime": 1776165005,
  "views": 27,
  "formatid": "gen9championsvgc2026regma",
  "rating": 1011,
  "private": 0,
  "password": null
}