{
  "id": "gen9championsvgc2026regma-2585469720",
  "format": "[Gen 9 Champions] VGC 2026 Reg M-A",
  "players": [
    "Rabbit_soup_",
    "LovelyLizardLad"
  ],
  "log": "|j|\u2606Rabbit_soup_\n|j|\u203dLovelyLizardLad\n|t:|1776349396\n|gametype|doubles\n|player|p1|Rabbit_soup_|1|1361\n|player|p2|LovelyLizardLad|red|1398\n|gen|9\n|tier|[Gen 9 Champions] VGC 2026 Reg M-A\n|rated|\n|rule|Species Clause: Limit one of each Pok\u00e9mon\n|rule|Item Clause: Limit 1 of each item\n|clearpoke\n|poke|p1|Pelipper, L50, F|\n|poke|p1|Basculegion, L50, M|\n|poke|p1|Zoroark-Hisui, L50, M|\n|poke|p1|Dragonite, L50, F|\n|poke|p1|Archaludon, L50, F|\n|poke|p1|Gengar, L50, M|\n|poke|p2|Noivern, L50, M|\n|poke|p2|Glimmora, L50, M|\n|poke|p2|Kingambit, L50, M|\n|poke|p2|Garchomp, L50, M|\n|poke|p2|Basculegion, L50, M|\n|poke|p2|Gardevoir, L50, F|\n|teampreview|4\n|inactive|Battle timer is ON: inactive players will automatically lose when time's up. (requested by Rabbit_soup_)\n|inactive|Rabbit_soup_ has 60 seconds left.\n|\n|t:|1776349449\n|teamsize|p1|4\n|teamsize|p2|4\n|start\n|switch|p1a: Gengar|Gengar, L50, M|100/100\n|switch|p1b: Archaludon|Archaludon, L50, F|100/100\n|switch|p2a: Noivern|Noivern, L50, M|100/100\n|switch|p2b: Garchomp|Garchomp, L50, M|100/100\n|turn|1\n|\n|t:|1776349474\n|move|p2a: Noivern|Super Fang|p1b: Archaludon\n|-damage|p1b: Archaludon|51/100\n|move|p1a: Gengar|Will-O-Wisp|p2b: Garchomp\n|-status|p2b: Garchomp|brn\n|move|p2b: Garchomp|Earthquake|p1b: Archaludon|[spread] p1a,p1b\n|-activate|p2a: Noivern|ability: Telepathy\n|-supereffective|p1a: Gengar|1\n|-supereffective|p1b: Archaludon|1\n|-damage|p1a: Gengar|0 fnt\n|-damage|p1b: Archaludon|8/100\n|faint|p1a: Gengar\n|move|p1b: Archaludon|Dragon Pulse|p2a: Noivern\n|-supereffective|p2a: Noivern|1\n|-damage|p2a: Noivern|0 fnt\n|faint|p2a: Noivern\n|\n|-damage|p2b: Garchomp|95/100 brn|[from] brn\n|upkeep\n|\n|t:|1776349488\n|switch|p2a: Glimmora|Glimmora, L50, M|100/100\n|switch|p1a: Pelipper|Pelipper, L50, F|100/100\n|-weather|RainDance|[from] ability: Drizzle|[of] p1a: Pelipper\n|turn|2\n|\n|t:|1776349499\n|detailschange|p2a: Glimmora|Glimmora-Mega, L50, M\n|-mega|p2a: Glimmora|Glimmora|Glimmoranite\n|move|p1a: Pelipper|Wide Guard|p1a: Pelipper\n|-singleturn|p1a: Pelipper|Wide Guard\n|move|p2b: Garchomp|Stomping Tantrum|p1b: Archaludon\n|-supereffective|p1b: Archaludon|1\n|-damage|p1b: Archaludon|0 fnt\n|faint|p1b: Archaludon\n|move|p2a: Glimmora|Sludge Bomb|p1a: Pelipper\n|-damage|p1a: Pelipper|0 fnt\n|faint|p1a: Pelipper\n|\n|-weather|RainDance|[upkeep]\n|-damage|p2b: Garchomp|89/100 brn|[from] brn\n|upkeep\n|\n|t:|1776349506\n|switch|p1b: Dragonite|Dragonite, L50, F|100/100\n|turn|3\n|\n|t:|1776349516\n|detailschange|p1b: Dragonite|Dragonite-Mega, L50, F\n|-mega|p1b: Dragonite|Dragonite|Dragoninite\n|move|p2b: Garchomp|Dragon Claw|p1b: Dragonite\n|-supereffective|p1b: Dragonite|1\n|-damage|p1b: Dragonite|78/100\n|move|p1b: Dragonite|Dragon Pulse|p2a: Glimmora\n|-damage|p2a: Glimmora|46/100\n|move|p2a: Glimmora|Power Gem|p1b: Dragonite\n|-supereffective|p1b: Dragonite|1\n|-damage|p1b: Dragonite|0 fnt\n|faint|p1b: Dragonite\n|\n|win|LovelyLizardLad\n|raw|Rabbit_soup_'s rating: 1361 &rarr; <strong>1343</strong><br />(-18 for losing)\n|raw|LovelyLizardLad's rating: 1398 &rarr; <strong>1416</strong><br />(+18 for winning)\n|l|\u2606Rabbit_soup_\n|player|p1|\n",
  "uploadtime": 1776349526,
  "views": 38,
  "formatid": "gen9championsvgc2026regma",
  "rating": 1343,
  "private": 0,
  "password": null
}