{
  "id": "gen9championsvgc2026regma-2586953618",
  "format": "[Gen 9 Champions] VGC 2026 Reg M-A",
  "players": [
    "datrobino",
    "CertifiedDumbass67"
  ],
  "log": "|j|\u2606datrobino\n|j|\u2606CertifiedDumbass67\n|t:|1776475166\n|gametype|doubles\n|player|p1|datrobino|veteran|1158\n|player|p2|CertifiedDumbass67|ingo|1266\n|gen|9\n|tier|[Gen 9 Champions] VGC 2026 Reg M-A\n|rated|\n|rule|Species Clause: Limit one of each Pok\u00e9mon\n|rule|Item Clause: Limit 1 of each item\n|clearpoke\n|poke|p1|Blastoise, L50, F|\n|poke|p1|Farigiraf, L50, M|\n|poke|p1|Kingambit, L50, F|\n|poke|p1|Sinistcha, L50|\n|poke|p1|Zoroark-Hisui, L50, M|\n|poke|p1|Incineroar, L50, M|\n|poke|p2|Basculegion, L50, M|\n|poke|p2|Pelipper, L50, F|\n|poke|p2|Milotic, L50, F|\n|poke|p2|Lopunny, L50, M|\n|poke|p2|Archaludon, L50, F|\n|poke|p2|Rotom-Heat, L50|\n|teampreview|4\n|inactive|Battle timer is ON: inactive players will automatically lose when time's up. (requested by CertifiedDumbass67)\ndatrobino rejected open team sheets.\n|inactive|CertifiedDumbass67 has 60 seconds left.\n|inactive|CertifiedDumbass67 has 30 seconds left.\n|\n|t:|1776475234\n|teamsize|p1|4\n|teamsize|p2|4\n|start\n|switch|p1a: Blastoise|Blastoise, L50, F|100/100\n|switch|p1b: Farigiraf|Farigiraf, L50, M|100/100\n|switch|p2a: Milotic|Milotic, L50, F|100/100\n|switch|p2b: Archaludon|Archaludon, L50, F|100/100\n|turn|1\n|inactive|CertifiedDumbass67 has 30 seconds left.\n|\n|t:|1776475266\n|detailschange|p1a: Blastoise|Blastoise-Mega, L50, F\n|-mega|p1a: Blastoise|Blastoise|Blastoisinite\n|move|p1a: Blastoise|Fake Out|p2b: Archaludon\n|-resisted|p2b: Archaludon|1\n|-damage|p2b: Archaludon|96/100\n|cant|p2b: Archaludon|flinch\n|move|p2a: Milotic|Scald|p1b: Farigiraf\n|-damage|p1b: Farigiraf|79/100\n|-status|p1b: Farigiraf|brn\n|move|p1b: Farigiraf|Trick Room|p1b: Farigiraf\n|-fieldstart|move: Trick Room|[of] p1b: Farigiraf\n|\n|-heal|p2b: Archaludon|100/100|[from] item: Leftovers\n|-damage|p1b: Farigiraf|73/100 brn|[from] brn\n|upkeep\n|turn|2\n|inactive|CertifiedDumbass67 has 30 seconds left.\n|\n|t:|1776475296\n|switch|p2a: Pelipper|Pelipper, L50, F|100/100\n|-weather|RainDance|[from] ability: Drizzle|[of] p2a: Pelipper\n|move|p1b: Farigiraf|Helping Hand|p1a: Blastoise\n|-singleturn|p1a: Blastoise|Helping Hand|[of] p1b: Farigiraf\n|move|p1a: Blastoise|Water Spout|p2b: Archaludon|[spread] p2a,p2b\n|-resisted|p2a: Pelipper|1\n|-resisted|p2b: Archaludon|1\n|-enditem|p2a: Pelipper|Focus Sash\n|-damage|p2a: Pelipper|1/100\n|-damage|p2b: Archaludon|0 fnt\n|faint|p2b: Archaludon\n|\n|-weather|RainDance|[upkeep]\n|-damage|p1b: Farigiraf|67/100 brn|[from] brn\n|upkeep\n|\n|t:|1776475314\n|switch|p2b: Lopunny|Lopunny, L50, M, shiny|100/100\n|turn|3\n|inactive|datrobino has 30 seconds left.\n|\n|t:|1776475344\n|move|p1b: Farigiraf|Helping Hand|p1a: Blastoise\n|-singleturn|p1a: Blastoise|Helping Hand|[of] p1b: Farigiraf\n|move|p2b: Lopunny|Fake Out||[still]\n|cant|p1b: Farigiraf|ability: Armor Tail|Fake Out|[of] p2b: Lopunny\n|move|p2a: Pelipper|Hurricane|p1b: Farigiraf\n|-damage|p1b: Farigiraf|37/100 brn\n|-enditem|p1b: Farigiraf|Sitrus Berry|[eat]\n|-heal|p1b: Farigiraf|62/100 brn|[from] item: Sitrus Berry\n|move|p1a: Blastoise|Water Spout|p2a: Pelipper|[spread] p2a,p2b\n|-resisted|p2a: Pelipper|1\n|-damage|p2a: Pelipper|0 fnt\n|-damage|p2b: Lopunny|0 fnt\n|faint|p2a: Pelipper\n|faint|p2b: Lopunny\n|\n|-weather|RainDance|[upkeep]\n|-damage|p1b: Farigiraf|56/100 brn|[from] brn\n|upkeep\n|-message|CertifiedDumbass67 forfeited.\n|\n|win|datrobino\n|raw|datrobino's rating: 1158 &rarr; <strong>1191</strong><br />(+33 for winning)\n|raw|CertifiedDumbass67's rating: 1266 &rarr; <strong>1233</strong><br />(-33 for losing)\n|l|\u2606CertifiedDumbass67\n|player|p2|\n",
  "uploadtime": 1776475363,
  "views": 20,
  "formatid": "gen9championsvgc2026regma",
  "rating": 1191,
  "private": 0,
  "password": null
}