{
  "id": "gen9championsvgc2026regma-2587837755",
  "format": "[Gen 9 Champions] VGC 2026 Reg M-A",
  "players": [
    "iFrozenShadow",
    "azumarillsky"
  ],
  "log": "|j|\u2606iFrozenShadow\n|j|\u2606azumarillsky\n|t:|1776569153\n|gametype|doubles\n|player|p1|iFrozenShadow|169|1419\n|player|p2|azumarillsky|170|1443\n|gen|9\n|tier|[Gen 9 Champions] VGC 2026 Reg M-A\n|rated|\n|rule|Species Clause: Limit one of each Pok\u00e9mon\n|rule|Item Clause: Limit 1 of each item\n|clearpoke\n|poke|p1|Gengar, L50, M, shiny|\n|poke|p1|Whimsicott, L50, M|\n|poke|p1|Incineroar, L50, M|\n|poke|p1|Basculegion, L50, M, shiny|\n|poke|p1|Tyranitar, L50, M|\n|poke|p1|Corviknight, L50, M|\n|poke|p2|Blastoise, L50, F|\n|poke|p2|Kingambit, L50, F|\n|poke|p2|Aegislash, L50, M|\n|poke|p2|Aerodactyl, L50, M|\n|poke|p2|Sneasler, L50, F|\n|poke|p2|Sinistcha, L50|\n|teampreview|4\n|inactive|Battle timer is ON: inactive players will automatically lose when time's up. (requested by azumarillsky)\n|\n|t:|1776569223\n|teamsize|p1|4\n|teamsize|p2|4\n|start\n|switch|p1a: Gengar|Gengar, L50, M, shiny|100/100\n|switch|p1b: Whimsicott|Whimsicott, L50, M|100/100\n|switch|p2a: Aerodactyl|Aerodactyl, L50, M|100/100\n|switch|p2b: Sneasler|Sneasler, L50, F|100/100\n|-ability|p2a: Aerodactyl|Unnerve\n|turn|1\n|inactive|azumarillsky has 30 seconds left.\n|\n|t:|1776569248\n|switch|p2b: Aegislash|Aegislash, L50, M|100/100\n|detailschange|p2a: Aerodactyl|Aerodactyl-Mega, L50, M\n|-mega|p2a: Aerodactyl|Aerodactyl|Aerodactylite\n|detailschange|p1a: Gengar|Gengar-Mega, L50, M, shiny\n|-mega|p1a: Gengar|Gengar|Gengarite\n|move|p1b: Whimsicott|Protect|p1b: Whimsicott\n|-singleturn|p1b: Whimsicott|Protect\n|move|p1a: Gengar|Protect|p1a: Gengar\n|-singleturn|p1a: Gengar|Protect\n|move|p2a: Aerodactyl|Rock Slide|p1a: Gengar|[spread] \n|-activate|p1a: Gengar|move: Protect\n|-activate|p1b: Whimsicott|move: Protect\n|\n|upkeep\n|turn|2\n|inactive|iFrozenShadow has 30 seconds left.\n|\n|t:|1776569276\n|move|p1b: Whimsicott|Tailwind|p1b: Whimsicott\n|-sidestart|p1: iFrozenShadow|move: Tailwind\n|move|p1a: Gengar|Shadow Ball|p2b: Aegislash\n|-supereffective|p2b: Aegislash|1\n|-damage|p2b: Aegislash|21/100\n|move|p2a: Aerodactyl|Dual Wingbeat|p1b: Whimsicott\n|-supereffective|p1b: Whimsicott|1\n|-damage|p1b: Whimsicott|32/100\n|-supereffective|p1b: Whimsicott|1\n|-damage|p1b: Whimsicott|0 fnt\n|faint|p1b: Whimsicott\n|-hitcount|p1: Whimsicott|2\n|-formechange|p2b: Aegislash|Aegislash-Blade|\n|move|p2b: Aegislash|Poltergeist|p1a: Gengar\n|-activate|p1a: Gengar|move: Poltergeist|Gengarite\n|-supereffective|p1a: Gengar|1\n|-damage|p1a: Gengar|0 fnt\n|faint|p1a: Gengar\n|\n|upkeep\n|\n|t:|1776569280\n|switch|p1a: Basculegion|Basculegion, L50, M, shiny|100/100\n|switch|p1b: Corviknight|Corviknight, L50, M|100/100\n|turn|3\n|inactive|azumarillsky has 30 seconds left.\n|\n|t:|1776569307\n|switch|p2a: Sinistcha|Sinistcha, L50|100/100\n|-heal|p2b: Aegislash|46/100|[from] ability: Hospitality|[of] p2a: Sinistcha\n|-formechange|p2b: Aegislash|Aegislash|\n|move|p2b: Aegislash|King's Shield|p2b: Aegislash\n|-singleturn|p2b: Aegislash|Protect\n|move|p1a: Basculegion|Last Respects|p2a: Sinistcha\n|-supereffective|p2a: Sinistcha|1\n|-damage|p2a: Sinistcha|0 fnt\n|faint|p2a: Sinistcha\n|move|p1b: Corviknight|Iron Defense|p1b: Corviknight\n|-boost|p1b: Corviknight|def|2\n|\n|upkeep\n|-message|azumarillsky forfeited.\n|\n|win|iFrozenShadow\n|raw|iFrozenShadow's rating: 1419 &rarr; <strong>1440</strong><br />(+21 for winning)\n|raw|azumarillsky's rating: 1443 &rarr; <strong>1422</strong><br />(-21 for losing)\n|l|\u2606azumarillsky\n|player|p2|\n|l|\u2606iFrozenShadow\n|player|p1|\n",
  "uploadtime": 1776569349,
  "views": 13,
  "formatid": "gen9championsvgc2026regma",
  "rating": 1422,
  "private": 0,
  "password": null
}