{
  "id": "gen9championsvgc2026regma-2584070728",
  "format": "[Gen 9 Champions] VGC 2026 Reg M-A",
  "players": [
    "colfox",
    "sn3akyboyy"
  ],
  "log": "|j|\u203dcolfox\n|j|\u2606sn3akyboyy\n|t:|1776222160\n|gametype|doubles\n|player|p1|colfox|169|1139\n|player|p2|sn3akyboyy|266|1082\n|gen|9\n|tier|[Gen 9 Champions] VGC 2026 Reg M-A\n|rated|\n|rule|Species Clause: Limit one of each Pok\u00e9mon\n|rule|Item Clause: Limit 1 of each item\n|clearpoke\n|poke|p1|Sylveon, L50, M|\n|poke|p1|Garchomp, L50, F|\n|poke|p1|Milotic, L50, F|\n|poke|p1|Ninetales, L50, M|\n|poke|p1|Raichu, L50, M|\n|poke|p1|Scizor, L50, F|\n|poke|p2|Politoed, L50, M|\n|poke|p2|Basculegion-F, L50, F|\n|poke|p2|Talonflame, L50, F|\n|poke|p2|Kangaskhan, L50, F|\n|poke|p2|Hydreigon, L50, F|\n|poke|p2|Aegislash, L50, F|\n|teampreview|4\ncolfox has agreed to open team sheets.\n|\n|t:|1776222252\n|teamsize|p1|4\n|teamsize|p2|4\n|start\n|switch|p1a: Raichu|Raichu, L50, M|100/100\n|switch|p1b: Milotic|Milotic, L50, F|100/100\n|switch|p2a: Politoed|Politoed, L50, M|100/100\n|switch|p2b: Kangaskhan|Kangaskhan, L50, F|100/100\n|-weather|RainDance|[from] ability: Drizzle|[of] p2a: Politoed\n|turn|1\n|\n|t:|1776222283\n|move|p1a: Raichu|Fake Out|p2b: Kangaskhan\n|-damage|p2b: Kangaskhan|92/100\n|move|p2b: Kangaskhan|Fake Out|p1b: Milotic\n|-damage|p1b: Milotic|81/100\n|move|p2a: Politoed|Hydro Pump|p1a: Raichu\n|-damage|p1a: Raichu|0 fnt\n|faint|p1a: Raichu\n|cant|p1b: Milotic|flinch\n|\n|-weather|RainDance|[upkeep]\n|upkeep\n|\n|t:|1776222306\n|switch|p1a: Ninetales|Ninetales, L50, M|100/100\n|-weather|SunnyDay|[from] ability: Drought|[of] p1a: Ninetales\n|turn|2\n|\n|t:|1776222320\n|switch|p2a: Basculegion|Basculegion-F, L50, F|100/100\n|switch|p1b: Garchomp|Garchomp, L50, F|100/100\n|detailschange|p2b: Kangaskhan|Kangaskhan-Mega, L50, F\n|-mega|p2b: Kangaskhan|Kangaskhan|Kangaskhanite\n|move|p1a: Ninetales|Protect|p1a: Ninetales\n|-singleturn|p1a: Ninetales|Protect\n|move|p2b: Kangaskhan|Double-Edge|p1a: Ninetales\n|-activate|p1a: Ninetales|move: Protect\n|\n|-weather|SunnyDay|[upkeep]\n|upkeep\n|turn|3\n|\n|t:|1776222347\n|switch|p2b: Politoed|Politoed, L50, M|100/100\n|-weather|RainDance|[from] ability: Drizzle|[of] p2b: Politoed\n|move|p2a: Basculegion|Ice Beam|p1b: Garchomp\n|-supereffective|p1b: Garchomp|2\n|-damage|p1b: Garchomp|0 fnt\n|faint|p1b: Garchomp\n|move|p1a: Ninetales|Will-O-Wisp|p2b: Politoed\n|-status|p2b: Politoed|brn\n|\n|-weather|RainDance|[upkeep]\n|-damage|p2b: Politoed|95/100 brn|[from] brn\n|upkeep\n|-message|colfox forfeited.\n|\n|win|sn3akyboyy\n|raw|colfox's rating: 1139 &rarr; <strong>1110</strong><br />(-29 for losing)\n|raw|sn3akyboyy's rating: 1082 &rarr; <strong>1114</strong><br />(+32 for winning)\n|l|\u2606sn3akyboyy\n|player|p2|\n",
  "uploadtime": 1776222369,
  "views": 45,
  "formatid": "gen9championsvgc2026regma",
  "rating": 1110,
  "private": 0,
  "password": null
}