{
  "id": "gen9championsvgc2026regma-2586126780",
  "format": "[Gen 9 Champions] VGC 2026 Reg M-A",
  "players": [
    "kiepa66",
    "Phillip Blevin"
  ],
  "log": "|j|\u2606kiepa66\n|j|\u2606Phillip Blevin\n|t:|1776402244\n|gametype|doubles\n|player|p1|kiepa66|burgh|1108\n|player|p2|Phillip Blevin|cynthia-masters4|1196\n|gen|9\n|tier|[Gen 9 Champions] VGC 2026 Reg M-A\n|rated|\n|rule|Species Clause: Limit one of each Pok\u00e9mon\n|rule|Item Clause: Limit 1 of each item\n|clearpoke\n|poke|p1|Lucario, L50, F|\n|poke|p1|Whimsicott, L50, F|\n|poke|p1|Incineroar, L50, F|\n|poke|p1|Rotom-Wash, L50|\n|poke|p1|Gallade, L50, M|\n|poke|p1|Dragonite, L50, M|\n|poke|p2|Froslass, L50, F|\n|poke|p2|Corviknight, L50, F|\n|poke|p2|Incineroar, L50, F|\n|poke|p2|Meowscarada, L50, F|\n|poke|p2|Sneasler, L50, M|\n|poke|p2|Gyarados, L50, F|\n|teampreview|4\n|inactive|Battle timer is ON: inactive players will automatically lose when time's up. (requested by Phillip Blevin)\n|inactive|kiepa66 also wants the timer to be on.\nPhillip Blevin has agreed to open team sheets.\nkiepa66 rejected open team sheets.\n|\n|t:|1776402274\n|teamsize|p1|4\n|teamsize|p2|4\n|start\n|switch|p1a: Pharao|Lucario, L50, F, shiny|100/100\n|switch|p1b: Whimsicott|Whimsicott, L50, F|100/100\n|switch|p2a: Sneasler|Sneasler, L50, M|100/100\n|switch|p2b: Froslass|Froslass, L50, F|100/100\n|turn|1\n|c|\u2606kiepa66|Cts rah\n|\n|t:|1776402292\n|detailschange|p2b: Froslass|Froslass-Mega, L50, F\n|-mega|p2b: Froslass|Froslass|Froslassite\n|-weather|Snowscape|[from] ability: Snow Warning|[of] p2b: Froslass\n|move|p2a: Sneasler|Fake Out|p1b: Whimsicott\n|-damage|p1b: Whimsicott|79/100\n|move|p2b: Froslass|Blizzard|p1b: Whimsicott|[spread] p1a,p1b\n|-resisted|p1a: Pharao|1\n|-supereffective|p1b: Whimsicott|1\n|-damage|p1a: Pharao|65/100\n|-damage|p1b: Whimsicott|0 fnt\n|faint|p1b: Whimsicott\n|move|p1a: Pharao|Earthquake|p2b: Froslass|[spread] p2a,p2b\n|-supereffective|p2a: Sneasler|1\n|-damage|p2a: Sneasler|14/100\n|-damage|p2b: Froslass|74/100\n|\n|-weather|Snowscape|[upkeep]\n|upkeep\n|c|\u2606Phillip Blevin|w beat up justified\n|c|\u2606kiepa66|Happens :p\n|inactive|kiepa66 has 30 seconds left.\n|c|\u2606kiepa66|Normally ppl don't catch onto that\n|inactive|kiepa66 has 20 seconds left.\n|\n|t:|1776402329\n|switch|p1b: Rotom|Rotom-Wash, L50|100/100\n|turn|2\n|\n|t:|1776402338\n|detailschange|p1a: Pharao|Lucario-Mega, L50, F, shiny\n|-mega|p1a: Pharao|Lucario|Lucarionite\n|move|p2b: Froslass|Protect|p2b: Froslass\n|-singleturn|p2b: Froslass|Protect\n|move|p1a: Pharao|Bullet Punch|p2b: Froslass\n|-activate|p2b: Froslass|move: Protect\n|move|p1b: Rotom|Hydro Pump|p2a: Sneasler\n|-damage|p2a: Sneasler|0 fnt\n|faint|p2a: Sneasler\n|\n|-weather|Snowscape|[upkeep]\n|upkeep\n|\n|t:|1776402355\n|switch|p2a: Meowscarada|Meowscarada, L50, F|100/100\n|turn|3\n|\n|t:|1776402360\n|switch|p1a: Dragonite|Dragonite, L50, M|100/100\n|move|p2a: Meowscarada|Flower Trick|p1b: Rotom\n|-supereffective|p1b: Rotom|1\n|-crit|p1b: Rotom\n|-damage|p1b: Rotom|0 fnt\n|faint|p1b: Rotom\n|move|p2b: Froslass|Shadow Ball|p1a: Dragonite\n|-damage|p1a: Dragonite|78/100\n|\n|-weather|Snowscape|[upkeep]\n|upkeep\n|\n|t:|1776402367\n|switch|p1b: Pharao|Lucario-Mega, L50, F, shiny|65/100\n|turn|4\n|\n|t:|1776402377\n|move|p1b: Pharao|Bullet Punch|p2b: Froslass\n|-supereffective|p2b: Froslass|1\n|-damage|p2b: Froslass|6/100\n|move|p2a: Meowscarada|Flower Trick|p1b: Pharao\n|-resisted|p1b: Pharao|1\n|-crit|p1b: Pharao\n|-damage|p1b: Pharao|28/100\n|move|p2b: Froslass|Blizzard|p1a: Dragonite|[spread] p1a,p1b\n|-supereffective|p1a: Dragonite|2\n|-resisted|p1b: Pharao|1\n|-damage|p1a: Dragonite|0 fnt\n|-damage|p1b: Pharao|0 fnt\n|faint|p1a: Dragonite\n|faint|p1b: Pharao\n|\n|win|Phillip Blevin\n|raw|kiepa66's rating: 1108 &rarr; <strong>1089</strong><br />(-19 for losing)\n|raw|Phillip Blevin's rating: 1196 &rarr; <strong>1215</strong><br />(+19 for winning)\n",
  "uploadtime": 1776402377,
  "views": 14,
  "formatid": "gen9championsvgc2026regma",
  "rating": 1089,
  "private": 0,
  "password": null
}