{
  "id": "gen9championsvgc2026regma-2584003104",
  "format": "[Gen 9 Champions] VGC 2026 Reg M-A",
  "players": [
    "Realphoenixking",
    "azsxdcaa"
  ],
  "log": "|j|\u2606Realphoenixking\n|j|\u2606azsxdcaa\n|t:|1776215832\n|gametype|doubles\n|player|p1|Realphoenixking|ghetsis-gen5bw|1326\n|player|p2|azsxdcaa|rosa|1341\n|gen|9\n|tier|[Gen 9 Champions] VGC 2026 Reg M-A\n|rated|\n|rule|Species Clause: Limit one of each Pok\u00e9mon\n|rule|Item Clause: Limit 1 of each item\n|clearpoke\n|poke|p1|Drampa, L50, F|\n|poke|p1|Torkoal, L50, M|\n|poke|p1|Farigiraf, L50, F|\n|poke|p1|Venusaur, L50, M|\n|poke|p1|Rotom-Wash, L50|\n|poke|p1|Aggron, L50, F|\n|poke|p2|Floette-Eternal, L50, F|\n|poke|p2|Sneasler, L50, M|\n|poke|p2|Incineroar, L50, M|\n|poke|p2|Aerodactyl, L50, M|\n|poke|p2|Basculegion, L50, M|\n|poke|p2|Maushold-Four, L50|\n|teampreview|4\n|inactive|Battle timer is ON: inactive players will automatically lose when time's up. (requested by azsxdcaa)\n|inactive|azsxdcaa has 60 seconds left.\n|\n|t:|1776215876\n|teamsize|p1|4\n|teamsize|p2|4\n|start\n|switch|p1a: Farigiraf|Farigiraf, L50, F|100/100\n|switch|p1b: Aggron|Aggron, L50, F|100/100\n|switch|p2a: Floette|Floette-Eternal, L50, F|100/100\n|switch|p2b: Aerodactyl|Aerodactyl, L50, M|100/100\n|-ability|p2b: Aerodactyl|Unnerve\n|turn|1\n|inactive|azsxdcaa has 30 seconds left.\n|\n|t:|1776215905\n|switch|p2a: Basculegion|Basculegion, L50, M|100/100\n|detailschange|p1b: Aggron|Aggron-Mega, L50, F\n|-mega|p1b: Aggron|Aggron|Aggronite\n|move|p2b: Aerodactyl|Dual Wingbeat|p1a: Farigiraf\n|-damage|p1a: Farigiraf|87/100\n|-damage|p1a: Farigiraf|75/100\n|-hitcount|p1a: Farigiraf|2\n|move|p1b: Aggron|Heavy Slam|p2a: Basculegion\n|-resisted|p2a: Basculegion|1\n|-damage|p2a: Basculegion|71/100\n|move|p1a: Farigiraf|Trick Room|p1a: Farigiraf\n|-fieldstart|move: Trick Room|[of] p1a: Farigiraf\n|\n|upkeep\n|turn|2\n|\n|t:|1776215926\n|move|p2b: Aerodactyl|Wide Guard|p2b: Aerodactyl\n|-singleturn|p2b: Aerodactyl|Wide Guard\n|move|p1b: Aggron|Shadow Claw|p2a: Basculegion\n|-supereffective|p2a: Basculegion|1\n|-damage|p2a: Basculegion|9/100\n|move|p1a: Farigiraf|Psychic|p2b: Aerodactyl\n|-damage|p2b: Aerodactyl|56/100\n|move|p2a: Basculegion|Wave Crash|p1b: Aggron\n|-damage|p1b: Aggron|66/100\n|-damage|p2a: Basculegion|0 fnt|[from] Recoil\n|faint|p2a: Basculegion\n|\n|upkeep\n|-message|azsxdcaa forfeited.\n|\n|win|Realphoenixking\n|raw|Realphoenixking's rating: 1326 &rarr; <strong>1347</strong><br />(+21 for winning)\n|raw|azsxdcaa's rating: 1341 &rarr; <strong>1320</strong><br />(-21 for losing)\n|l|\u2606azsxdcaa\n|player|p2|\n",
  "uploadtime": 1776215952,
  "views": 49,
  "formatid": "gen9championsvgc2026regma",
  "rating": 1320,
  "private": 0,
  "password": null
}