{
  "id": "gen9championsvgc2026regma-2585971710",
  "format": "[Gen 9 Champions] VGC 2026 Reg M-A",
  "players": [
    "AFRODADDY",
    "Kalaphant"
  ],
  "log": "|j|\u2606AFRODADDY\n|j|\u2606Kalaphant\n|t:|1776386359\n|gametype|doubles\n|player|p1|AFRODADDY|flint|1048\n|player|p2|Kalaphant|1|1090\n|gen|9\n|tier|[Gen 9 Champions] VGC 2026 Reg M-A\n|rated|\n|rule|Species Clause: Limit one of each Pok\u00e9mon\n|rule|Item Clause: Limit 1 of each item\n|clearpoke\n|poke|p1|Reuniclus, L50, M|\n|poke|p1|Machamp, L50, M|\n|poke|p1|Steelix, L50, M|\n|poke|p1|Golurk, L50|\n|poke|p1|Aurorus, L50, F|\n|poke|p1|Victreebel, L50, M|\n|poke|p2|Floette-Eternal, L50, F|\n|poke|p2|Incineroar, L50, F|\n|poke|p2|Charizard, L50, F|\n|poke|p2|Sneasler, L50, M|\n|poke|p2|Sinistcha, L50|\n|poke|p2|Garchomp, L50, M|\n|teampreview|4\n|inactive|Battle timer is ON: inactive players will automatically lose when time's up. (requested by Kalaphant)\n|inactive|AFRODADDY also wants the timer to be on.\n|c|\u2606Kalaphant|glhf\nKalaphant has agreed to open team sheets.\n|\n|t:|1776386381\n|teamsize|p1|4\n|teamsize|p2|4\n|start\n|switch|p1a: Reuniclus|Reuniclus, L50, M|100/100\n|switch|p1b: Machamp|Machamp, L50, M|100/100\n|switch|p2a: Floette|Floette-Eternal, L50, F|100/100\n|switch|p2b: Incineroar|Incineroar, L50, F|100/100\n|-ability|p2b: Incineroar|Intimidate|boost\n|-unboost|p1a: Reuniclus|atk|1\n|-unboost|p1b: Machamp|atk|1\n|turn|1\n|\n|t:|1776386403\n|detailschange|p2a: Floette|Floette-Mega, L50, F\n|-mega|p2a: Floette|Floette|Floettite\n|-ability|p2a: Floette|Fairy Aura\n|move|p2b: Incineroar|Fake Out|p1b: Machamp\n|-damage|p1b: Machamp|90/100\n|move|p2a: Floette|Dazzling Gleam|p1a: Reuniclus|[spread] p1a,p1b\n|-supereffective|p1b: Machamp|1\n|-damage|p1a: Reuniclus|64/100\n|-damage|p1b: Machamp|0 fnt\n|faint|p1b: Machamp\n|move|p1a: Reuniclus|Trick Room|p1a: Reuniclus\n|-fieldstart|move: Trick Room|[of] p1a: Reuniclus\n|\n|upkeep\n|\n|t:|1776386416\n|switch|p1b: Golurk|Golurk, L50|100/100\n|turn|2\n|\n|t:|1776386429\n|detailschange|p1b: Golurk|Golurk-Mega, L50\n|-mega|p1b: Golurk|Golurk|Golurkite\n|move|p1a: Reuniclus|Focus Blast|p2b: Incineroar\n|-supereffective|p2b: Incineroar|1\n|-enditem|p2b: Incineroar|Chople Berry|[eat]\n|-enditem|p2b: Incineroar|Chople Berry|[weaken]\n|-damage|p2b: Incineroar|75/100\n|move|p1b: Golurk|Poltergeist|p2a: Floette\n|-activate|p2a: Floette|move: Poltergeist|Floettite\n|-damage|p2a: Floette|8/100\n|move|p2b: Incineroar|Throat Chop|p1a: Reuniclus\n|-supereffective|p1a: Reuniclus|1\n|-damage|p1a: Reuniclus|11/100\n|-start|p1a: Reuniclus|Throat Chop|[silent]\n|move|p2a: Floette|Light of Ruin|p1b: Golurk\n|-damage|p1b: Golurk|10/100\n|-damage|p2a: Floette|0 fnt|[from] Recoil\n|faint|p2a: Floette\n|\n|upkeep\n|\n|t:|1776386447\n|switch|p2a: Sneasler|Sneasler, L50, M|100/100\n|turn|3\n|\n|t:|1776386454\n|move|p2a: Sneasler|Fake Out|p1a: Reuniclus\n|-damage|p1a: Reuniclus|0 fnt\n|faint|p1a: Reuniclus\n|move|p1b: Golurk|Drain Punch|p2b: Incineroar\n|-supereffective|p2b: Incineroar|1\n|-damage|p2b: Incineroar|21/100\n|-heal|p1b: Golurk|38/100|[from] drain|[of] p2b: Incineroar\n|move|p2b: Incineroar|Throat Chop|p1b: Golurk\n|-supereffective|p1b: Golurk|1\n|-damage|p1b: Golurk|0 fnt\n|faint|p1b: Golurk\n|\n|upkeep\n|\n|t:|1776386467\n|switch|p1b: Aurorus|Aurorus, L50, F|100/100\n|turn|4\n|\n|t:|1776386474\n|move|p1b: Aurorus|Hyper Voice|p2b: Incineroar|[spread] p2a,p2b\n|-resisted|p2b: Incineroar|1\n|-damage|p2a: Sneasler|43/100\n|-damage|p2b: Incineroar|6/100\n|move|p2b: Incineroar|Flare Blitz|p1b: Aurorus\n|-damage|p1b: Aurorus|44/100\n|-damage|p2b: Incineroar|0 fnt|[from] Recoil\n|faint|p2b: Incineroar\n|move|p2a: Sneasler|Close Combat|p1b: Aurorus\n|-supereffective|p1b: Aurorus|2\n|-damage|p1b: Aurorus|0 fnt\n|-unboost|p2a: Sneasler|def|1\n|-unboost|p2a: Sneasler|spd|1\n|faint|p1b: Aurorus\n|\n|win|Kalaphant\n|raw|AFRODADDY's rating: 1048 &rarr; <strong>1033</strong><br />(-15 for losing)\n|raw|Kalaphant's rating: 1090 &rarr; <strong>1113</strong><br />(+23 for winning)\n",
  "uploadtime": 1776386475,
  "views": 14,
  "formatid": "gen9championsvgc2026regma",
  "rating": 1033,
  "private": 0,
  "password": null
}