{
  "id": "gen9championsvgc2026regma-2583762425",
  "format": "[Gen 9 Champions] VGC 2026 Reg M-A",
  "players": [
    "akijuen",
    "TGinge"
  ],
  "log": "|j|\u2606akijuen\n|j|\u2606TGinge\n|t:|1776195994\n|gametype|doubles\n|player|p1|akijuen|lucas|1292\n|player|p2|TGinge|rocketgrunt|1306\n|gen|9\n|tier|[Gen 9 Champions] VGC 2026 Reg M-A\n|rated|\n|rule|Species Clause: Limit one of each Pok\u00e9mon\n|rule|Item Clause: Limit 1 of each item\n|clearpoke\n|poke|p1|Golurk, L50|\n|poke|p1|Sneasler, L50, M|\n|poke|p1|Farigiraf, L50, F|\n|poke|p1|Venusaur, L50, F|\n|poke|p1|Incineroar, L50, M|\n|poke|p1|Torkoal, L50, M|\n|poke|p2|Chandelure, L50, F|\n|poke|p2|Hydrapple, L50, M|\n|poke|p2|Whimsicott, L50, F|\n|poke|p2|Incineroar, L50, M|\n|poke|p2|Basculegion, L50, M|\n|poke|p2|Kingambit, L50, F|\n|teampreview|4\n|inactive|Battle timer is ON: inactive players will automatically lose when time's up. (requested by TGinge)\nakijuen has agreed to open team sheets.\n|inactive|akijuen has 60 seconds left.\n|\n|t:|1776196032\n|teamsize|p1|4\n|teamsize|p2|4\n|start\n|switch|p1a: Sneasler|Sneasler, L50, M|100/100\n|switch|p1b: Farigiraf|Farigiraf, L50, F|100/100\n|switch|p2a: Basculegion|Basculegion, L50, M|100/100\n|switch|p2b: Chandelure|Chandelure, L50, F|100/100\n|turn|1\n|\n|t:|1776196045\n|switch|p1a: Incineroar|Incineroar, L50, M|100/100\n|-ability|p1a: Incineroar|Intimidate|boost\n|-unboost|p2a: Basculegion|atk|1\n|-unboost|p2b: Chandelure|atk|1\n|detailschange|p2b: Chandelure|Chandelure-Mega, L50, F\n|-mega|p2b: Chandelure|Chandelure|Chandelurite\n|move|p2a: Basculegion|Wave Crash|p1b: Farigiraf\n|-damage|p1b: Farigiraf|54/100\n|-damage|p2a: Basculegion|83/100|[from] Recoil\n|move|p2b: Chandelure|Flamethrower|p1b: Farigiraf\n|-damage|p1b: Farigiraf|0 fnt\n|faint|p1b: Farigiraf\n|\n|upkeep\n|\n|t:|1776196061\n|switch|p1b: Sneasler|Sneasler, L50, M|100/100\n|turn|2\n|\n|t:|1776196081\n|move|p2b: Chandelure|Protect|p2b: Chandelure\n|-singleturn|p2b: Chandelure|Protect\n|move|p2a: Basculegion|Wave Crash|p1a: Incineroar\n|-supereffective|p1a: Incineroar|1\n|-damage|p1a: Incineroar|21/100\n|-damage|p2a: Basculegion|56/100|[from] Recoil\n|move|p1b: Sneasler|Dire Claw|p2b: Chandelure\n|-activate|p2b: Chandelure|move: Protect\n|move|p1a: Incineroar|Darkest Lariat|p2a: Basculegion\n|-supereffective|p2a: Basculegion|1\n|-damage|p2a: Basculegion|0 fnt\n|faint|p2a: Basculegion\n|\n|upkeep\n|\n|t:|1776196093\n|switch|p2a: Kingambit|Kingambit, L50, F|100/100\n|turn|3\n|\n|t:|1776196121\n|move|p2a: Kingambit|Protect|p2a: Kingambit\n|-singleturn|p2a: Kingambit|Protect\n|move|p1b: Sneasler|Coaching|p1a: Incineroar\n|-boost|p1a: Incineroar|atk|1\n|-boost|p1a: Incineroar|def|1\n|move|p2b: Chandelure|Heat Wave|p1a: Incineroar|[spread] p1a,p1b\n|-resisted|p1a: Incineroar|1\n|-damage|p1a: Incineroar|0 fnt\n|-damage|p1b: Sneasler|30/100\n|faint|p1a: Incineroar\n|\n|upkeep\n|c|\u2606akijuen|gg\n|-message|akijuen forfeited.\n|\n|win|TGinge\n|raw|akijuen's rating: 1292 &rarr; <strong>1268</strong><br />(-24 for losing)\n|raw|TGinge's rating: 1306 &rarr; <strong>1325</strong><br />(+19 for winning)\n",
  "uploadtime": 1776196133,
  "views": 40,
  "formatid": "gen9championsvgc2026regma",
  "rating": 1268,
  "private": 0,
  "password": null
}