{
  "id": "gen9championsvgc2026regma-2589519634",
  "format": "[Gen 9 Champions] VGC 2026 Reg M-A",
  "players": [
    "penledzuu",
    "Quaza15"
  ],
  "log": "|j|\u2606penledzuu\n|j|\u2606Quaza15\n|t:|1776730393\n|gametype|doubles\n|player|p1|penledzuu|ninjaboy|1376\n|player|p2|Quaza15|ruinmaniac|1462\n|gen|9\n|tier|[Gen 9 Champions] VGC 2026 Reg M-A\n|rated|\n|rule|Species Clause: Limit one of each Pok\u00e9mon\n|rule|Item Clause: Limit 1 of each item\n|clearpoke\n|poke|p1|Pinsir, L50, F, shiny|\n|poke|p1|Basculegion, L50, M|\n|poke|p1|Weavile, L50, F, shiny|\n|poke|p1|Archaludon, L50, F|\n|poke|p1|Pelipper, L50, F|\n|poke|p1|Gengar, L50, F|\n|poke|p2|Aerodactyl, L50, F|\n|poke|p2|Garchomp, L50, M|\n|poke|p2|Mamoswine, L50, F|\n|poke|p2|Charizard, L50, M|\n|poke|p2|Kingambit, L50, M|\n|poke|p2|Rotom-Wash, L50|\n|teampreview|4\n|inactive|Battle timer is ON: inactive players will automatically lose when time's up. (requested by penledzuu)\n|inactive|Quaza15 has 60 seconds left.\n|inactive|Quaza15 has 30 seconds left.\n|\n|t:|1776730460\n|teamsize|p1|4\n|teamsize|p2|4\n|start\n|switch|p1a: Weavile|Weavile, L50, F, shiny|100/100\n|switch|p1b: Pinsir|Pinsir, L50, F, shiny|100/100\n|switch|p2a: Mamoswine|Mamoswine, L50, F|100/100\n|switch|p2b: Aerodactyl|Aerodactyl, L50, F|100/100\n|-ability|p2b: Aerodactyl|Unnerve\n|turn|1\n|\n|t:|1776730481\n|detailschange|p1b: Pinsir|Pinsir-Mega, L50, F, shiny\n|-mega|p1b: Pinsir|Pinsir|Pinsirite\n|move|p1a: Weavile|Fake Out|p2b: Aerodactyl\n|-resisted|p2b: Aerodactyl|1\n|-damage|p2b: Aerodactyl|88/100\n|cant|p2b: Aerodactyl|flinch\n|move|p1b: Pinsir|Close Combat|p2a: Mamoswine\n|-supereffective|p2a: Mamoswine|1\n|-damage|p2a: Mamoswine|0 fnt\n|-unboost|p1b: Pinsir|def|1\n|-unboost|p1b: Pinsir|spd|1\n|faint|p2a: Mamoswine\n|\n|upkeep\n|\n|t:|1776730491\n|switch|p2a: Rotom|Rotom-Wash, L50|100/100\n|turn|2\n|\n|t:|1776730515\n|move|p2a: Rotom|Thunderbolt|p1a: Weavile\n|-damage|p1a: Weavile|59/100\n|move|p2b: Aerodactyl|Rock Slide|p1a: Weavile|[spread] p1a,p1b\n|-supereffective|p1a: Weavile|1\n|-supereffective|p1b: Pinsir|2\n|-damage|p1a: Weavile|0 fnt\n|-damage|p1b: Pinsir|0 fnt\n|faint|p1a: Weavile\n|faint|p1b: Pinsir\n|\n|upkeep\n|\n|t:|1776730521\n|switch|p1a: Pelipper|Pelipper, L50, F|100/100\n|switch|p1b: Basculegion|Basculegion, L50, M|100/100\n|-weather|RainDance|[from] ability: Drizzle|[of] p1a: Pelipper\n|turn|3\n|inactive|penledzuu has 30 seconds left.\n|\n|t:|1776730553\n|move|p2a: Rotom|Thunderbolt|p1b: Basculegion\n|-supereffective|p1b: Basculegion|1\n|-damage|p1b: Basculegion|31/100\n|move|p2b: Aerodactyl|Tailwind|p2b: Aerodactyl\n|-sidestart|p2: Quaza15|move: Tailwind\n|move|p1b: Basculegion|Last Respects|p2a: Rotom\n|-damage|p2a: Rotom|4/100\n|move|p1a: Pelipper|Weather Ball|p2b: Aerodactyl\n|-supereffective|p2b: Aerodactyl|1\n|-damage|p2b: Aerodactyl|0 fnt\n|faint|p2b: Aerodactyl\n|\n|-weather|RainDance|[upkeep]\n|upkeep\n|\n|t:|1776730557\n|switch|p2b: Kingambit|Kingambit, L50, M|100/100\n|turn|4\n|\n|t:|1776730580\n|move|p2b: Kingambit|Sucker Punch|p1b: Basculegion\n|-supereffective|p1b: Basculegion|1\n|-damage|p1b: Basculegion|0 fnt\n|faint|p1b: Basculegion\n|move|p2a: Rotom|Thunderbolt|p1a: Pelipper\n|-supereffective|p1a: Pelipper|2\n|-damage|p1a: Pelipper|0 fnt\n|faint|p1a: Pelipper\n|\n|win|Quaza15\n|raw|penledzuu's rating: 1376 &rarr; <strong>1361</strong><br />(-15 for losing)\n|raw|Quaza15's rating: 1462 &rarr; <strong>1477</strong><br />(+15 for winning)\n",
  "uploadtime": 1776730581,
  "views": 3,
  "formatid": "gen9championsvgc2026regma",
  "rating": 1361,
  "private": 0,
  "password": null
}