{
  "id": "gen9championsvgc2026regma-2587592901",
  "format": "[Gen 9 Champions] VGC 2026 Reg M-A",
  "players": [
    "Huntress345",
    "PuruglyIsUgly"
  ],
  "log": "|j|\u2606Huntress345\n|j|\u2606PuruglyIsUgly\n|t:|1776545186\n|gametype|doubles\n|player|p1|Huntress345|gwynn|1003\n|player|p2|PuruglyIsUgly|102|1000\n|gen|9\n|tier|[Gen 9 Champions] VGC 2026 Reg M-A\n|rated|\n|rule|Species Clause: Limit one of each Pok\u00e9mon\n|rule|Item Clause: Limit 1 of each item\n|clearpoke\n|poke|p1|Ampharos, L50, F|\n|poke|p1|Dragapult, L50, F|\n|poke|p1|Wyrdeer, L50, F|\n|poke|p1|Gliscor, L50, M|\n|poke|p1|Meowstic-F, L50, F|\n|poke|p1|Oranguru, L50, M|\n|poke|p2|Hawlucha, L50, F|\n|poke|p2|Vanilluxe, L50, F|\n|poke|p2|Snorlax, L50, M|\n|poke|p2|Farigiraf, L50, F|\n|poke|p2|Mr. Rime, L50, M|\n|poke|p2|Maushold-Four, L50|\n|teampreview|4\n|\n|t:|1776545204\n|teamsize|p1|4\n|teamsize|p2|4\n|start\n|switch|p1a: Wyrdeer|Wyrdeer, L50, F|100/100\n|switch|p1b: Meowstic|Meowstic-F, L50, F|100/100\n|switch|p2a: Vanilluxe|Vanilluxe, L50, F|100/100\n|switch|p2b: Mr. Rime|Mr. Rime, L50, M|100/100\n|-ability|p1a: Wyrdeer|Intimidate|boost\n|-unboost|p2a: Vanilluxe|atk|1\n|-unboost|p2b: Mr. Rime|atk|1\n|-weather|Snowscape|[from] ability: Snow Warning|[of] p2a: Vanilluxe\n|turn|1\n|\n|t:|1776545231\n|move|p2b: Mr. Rime|Fake Out|p1b: Meowstic\n|-damage|p1b: Meowstic|93/100\n|cant|p1b: Meowstic|flinch\n|move|p1a: Wyrdeer|Skill Swap|p2b: Mr. Rime\n|-activate|p1a: Wyrdeer|Skill Swap|Ice Body|Intimidate|[of] p2b: Mr. Rime\n|-ability|p2b: Mr. Rime|Intimidate|boost\n|-unboost|p1a: Wyrdeer|atk|1\n|-unboost|p1b: Meowstic|atk|1\n|-ability|p1b: Meowstic|Competitive|boost\n|-boost|p1b: Meowstic|spa|2\n|move|p2a: Vanilluxe|Aurora Veil|p2a: Vanilluxe\n|-sidestart|p2: PuruglyIsUgly|move: Aurora Veil\n|\n|-weather|Snowscape|[upkeep]\n|upkeep\n|turn|2\n|inactive|Battle timer is ON: inactive players will automatically lose when time's up. (requested by PuruglyIsUgly)\n|inactive|Huntress345 has 60 seconds left.\n|\n|t:|1776545267\n|switch|p2a: Hawlucha|Hawlucha, L50, F|100/100\n|detailschange|p1b: Meowstic|Meowstic-F-Mega, L50, F\n|-mega|p1b: Meowstic|Meowstic|Meowsticite\n|-ability|p1b: Meowstic|Intimidate|Trace|[from] ability: Trace|[of] p2b: Mr. Rime\n|-ability|p1b: Meowstic|Intimidate|boost\n|-unboost|p2a: Hawlucha|atk|1\n|-unboost|p2b: Mr. Rime|atk|1\n|move|p1b: Meowstic|Expanding Force|p2a: Hawlucha\n|-supereffective|p2a: Hawlucha|1\n|-damage|p2a: Hawlucha|0 fnt\n|faint|p2a: Hawlucha\n|move|p1a: Wyrdeer|Expanding Force|p2b: Mr. Rime\n|-resisted|p2b: Mr. Rime|1\n|-damage|p2b: Mr. Rime|89/100\n|move|p2b: Mr. Rime|Trick Room|p2b: Mr. Rime\n|-fieldstart|move: Trick Room|[of] p2b: Mr. Rime\n|\n|-weather|Snowscape|[upkeep]\n|upkeep\n|-message|PuruglyIsUgly forfeited.\n|\n|win|Huntress345\n|raw|Huntress345's rating: 1003 &rarr; <strong>1042</strong><br />(+39 for winning)\n|raw|PuruglyIsUgly's rating: 1000 &rarr; <strong>1000</strong><br />(+0 for losing)\n|l|\u2606PuruglyIsUgly\n|player|p2|\n",
  "uploadtime": 1776545283,
  "views": 13,
  "formatid": "gen9championsvgc2026regma",
  "rating": 1000,
  "private": 0,
  "password": null
}