{
  "id": "gen9championsvgc2026regma-2587983007",
  "format": "[Gen 9 Champions] VGC 2026 Reg M-A",
  "players": [
    "bumiya",
    "leo1509"
  ],
  "log": "|j|\u2606bumiya\n|j|\u2606leo1509\n|t:|1776588518\n|gametype|doubles\n|player|p1|bumiya|blue|1000\n|player|p2|leo1509|volkner|1089\n|gen|9\n|tier|[Gen 9 Champions] VGC 2026 Reg M-A\n|rated|\n|rule|Species Clause: Limit one of each Pok\u00e9mon\n|rule|Item Clause: Limit 1 of each item\n|clearpoke\n|poke|p1|Garchomp, L50, M|\n|poke|p1|Charizard, L50, M, shiny|\n|poke|p1|Venusaur, L50, F|\n|poke|p1|Whimsicott, L50, F|\n|poke|p1|Sneasler, L50, M|\n|poke|p1|Incineroar, L50, M|\n|poke|p2|Gallade, L50, M, shiny|\n|poke|p2|Kingambit, L50, M, shiny|\n|poke|p2|Farigiraf, L50, M, shiny|\n|poke|p2|Sinistcha, L50|\n|poke|p2|Gyarados, L50, M|\n|poke|p2|Rotom-Wash, L50|\n|teampreview|4\n|inactive|Battle timer is ON: inactive players will automatically lose when time's up. (requested by leo1509)\n|inactive|bumiya has 60 seconds left.\n|inactive|leo1509 has 60 seconds left.\n|\n|t:|1776588551\n|teamsize|p1|4\n|teamsize|p2|4\n|start\n|switch|p1a: Charizard|Charizard, L50, M, shiny|100/100\n|switch|p1b: Venusaur|Venusaur, L50, F|100/100\n|switch|p2a: Farigiraf|Farigiraf, L50, M, shiny|100/100\n|switch|p2b: Gallade|Gallade, L50, M, shiny|100/100\n|turn|1\n|inactive|bumiya has 30 seconds left.\n|inactive|bumiya has 20 seconds left.\n|\n|t:|1776588594\n|switch|p2a: Rotom|Rotom-Wash, L50|100/100\n|detailschange|p1a: Charizard|Charizard-Mega-Y, L50, M, shiny\n|-mega|p1a: Charizard|Charizard|Charizardite Y\n|-weather|SunnyDay|[from] ability: Drought|[of] p1a: Charizard\n|move|p1b: Venusaur|Solar Beam||[still]\n|-prepare|p1b: Venusaur|Solar Beam\n|-anim|p1b: Venusaur|Solar Beam|p2b: Gallade\n|-damage|p2b: Gallade|49/100\n|move|p1a: Charizard|Heat Wave|p2b: Gallade|[spread] p2a,p2b\n|-resisted|p2a: Rotom|1\n|-damage|p2a: Rotom|65/100\n|-damage|p2b: Gallade|0 fnt\n|faint|p2b: Gallade\n|\n|-weather|SunnyDay|[upkeep]\n|-heal|p2a: Rotom|71/100|[from] item: Leftovers\n|upkeep\n|\n|t:|1776588609\n|switch|p2b: Gyarados|Gyarados, L50, M|100/100\n|-ability|p2b: Gyarados|Intimidate|boost\n|-unboost|p1a: Charizard|atk|1\n|-unboost|p1b: Venusaur|atk|1\n|turn|2\n|\n|t:|1776588632\n|detailschange|p2b: Gyarados|Gyarados-Mega, L50, M\n|-mega|p2b: Gyarados|Gyarados|Gyaradosite\n|-ability|p2b: Gyarados|Mold Breaker\n|move|p1b: Venusaur|Solar Beam||[still]\n|-prepare|p1b: Venusaur|Solar Beam\n|-anim|p1b: Venusaur|Solar Beam|p2b: Gyarados\n|-supereffective|p2b: Gyarados|1\n|-damage|p2b: Gyarados|14/100\n|move|p1a: Charizard|Solar Beam||[still]\n|-prepare|p1a: Charizard|Solar Beam\n|-anim|p1a: Charizard|Solar Beam|p2a: Rotom\n|-supereffective|p2a: Rotom|1\n|-damage|p2a: Rotom|0 fnt\n|faint|p2a: Rotom\n|move|p2b: Gyarados|Waterfall|p1a: Charizard\n|-supereffective|p1a: Charizard|1\n|-damage|p1a: Charizard|30/100\n|\n|-weather|SunnyDay|[upkeep]\n|upkeep\n|\n|t:|1776588646\n|switch|p2a: Farigiraf|Farigiraf, L50, M, shiny|100/100\n|turn|3\n|\n|t:|1776588658\n|move|p2b: Gyarados|Protect|p2b: Gyarados\n|-singleturn|p2b: Gyarados|Protect\n|move|p1b: Venusaur|Solar Beam||[still]\n|-prepare|p1b: Venusaur|Solar Beam\n|-anim|p1b: Venusaur|Solar Beam|p2a: Farigiraf\n|-damage|p2a: Farigiraf|46/100\n|-enditem|p2a: Farigiraf|Sitrus Berry|[eat]\n|-heal|p2a: Farigiraf|71/100|[from] item: Sitrus Berry\n|move|p1a: Charizard|Heat Wave|p2a: Farigiraf|[spread] p2a\n|-activate|p2b: Gyarados|move: Protect\n|-damage|p2a: Farigiraf|0 fnt\n|faint|p2a: Farigiraf\n|\n|-weather|SunnyDay|[upkeep]\n|upkeep\n|turn|4\n|-message|leo1509 forfeited.\n|\n|win|bumiya\n|raw|bumiya's rating: 1000 &rarr; <strong>1050</strong><br />(+50 for winning)\n|raw|leo1509's rating: 1089 &rarr; <strong>1060</strong><br />(-29 for losing)\n|l|\u2606leo1509\n|player|p2|\n",
  "uploadtime": 1776588902,
  "views": 10,
  "formatid": "gen9championsvgc2026regma",
  "rating": 1050,
  "private": 0,
  "password": null
}