{
  "id": "gen9championsvgc2026regma-2584312339",
  "format": "[Gen 9 Champions] VGC 2026 Reg M-A",
  "players": [
    "BubbaWubbaLubba",
    "EnbyFlavoredSparky"
  ],
  "log": "|j|\u2606BubbaWubbaLubba\n|j|\u2606EnbyFlavoredSparky\n|t:|1776250067\n|gametype|doubles\n|player|p1|BubbaWubbaLubba|steven|1306\n|player|p2|EnbyFlavoredSparky|lillie-masters2|1341\n|gen|9\n|tier|[Gen 9 Champions] VGC 2026 Reg M-A\n|rated|\n|rule|Species Clause: Limit one of each Pok\u00e9mon\n|rule|Item Clause: Limit 1 of each item\n|clearpoke\n|poke|p1|Clefable, L50, F|\n|poke|p1|Kingambit, L50, M|\n|poke|p1|Sneasler, L50, M|\n|poke|p1|Dragonite, L50, F|\n|poke|p1|Delphox, L50, M|\n|poke|p1|Basculegion, L50, M|\n|poke|p2|Delphox, L50, F|\n|poke|p2|Whimsicott, L50, F|\n|poke|p2|Incineroar, L50, F|\n|poke|p2|Ninetales, L50, M|\n|poke|p2|Sneasler, L50, M|\n|poke|p2|Orthworm, L50, M|\n|teampreview|4\n|inactive|Battle timer is ON: inactive players will automatically lose when time's up. (requested by EnbyFlavoredSparky)\n|inactive|BubbaWubbaLubba also wants the timer to be on.\n|\n|t:|1776250094\n|teamsize|p1|4\n|teamsize|p2|4\n|start\n|switch|p1a: Sneasler|Sneasler, L50, M|100/100\n|switch|p1b: Delphox|Delphox, L50, M|100/100\n|switch|p2a: Sneasler|Sneasler, L50, M|100/100\n|switch|p2b: Ninetales|Ninetales, L50, M|100/100\n|-weather|SunnyDay|[from] ability: Drought|[of] p2b: Ninetales\n|turn|1\n|\n|t:|1776250108\n|detailschange|p1b: Delphox|Delphox-Mega, L50, M\n|-mega|p1b: Delphox|Delphox|Delphoxite\n|move|p1a: Sneasler|Fake Out|p2a: Sneasler\n|-damage|p2a: Sneasler|78/100\n|cant|p2a: Sneasler|flinch\n|move|p1b: Delphox|Psychic|p2a: Sneasler\n|-supereffective|p2a: Sneasler|2\n|-damage|p2a: Sneasler|0 fnt\n|faint|p2a: Sneasler\n|move|p2b: Ninetales|Encore|p1a: Sneasler\n|-start|p1a: Sneasler|Encore\n|\n|-weather|SunnyDay|[upkeep]\n|upkeep\n|\n|t:|1776250117\n|switch|p2a: Delphox|Delphox, L50, F|100/100\n|turn|2\n|\n|t:|1776250135\n|switch|p1a: Basculegion|Basculegion, L50, M|100/100\n|detailschange|p2a: Delphox|Delphox-Mega, L50, F\n|-mega|p2a: Delphox|Delphox|Delphoxite\n|move|p2b: Ninetales|Protect|p2b: Ninetales\n|-singleturn|p2b: Ninetales|Protect\n|move|p2a: Delphox|Nasty Plot|p2a: Delphox\n|-boost|p2a: Delphox|spa|2\n|move|p1b: Delphox|Psychic|p2b: Ninetales\n|-activate|p2b: Ninetales|move: Protect\n|\n|-weather|SunnyDay|[upkeep]\n|upkeep\n|turn|3\n|inactive|BubbaWubbaLubba has 30 seconds left.\n|inactive|BubbaWubbaLubba has 20 seconds left.\n|inactive|BubbaWubbaLubba has 15 seconds left.\n|\n|t:|1776250176\n|move|p2b: Ninetales|Helping Hand|p2a: Delphox\n|-singleturn|p2a: Delphox|Helping Hand|[of] p2b: Ninetales\n|move|p1b: Delphox|Psychic|p2b: Ninetales\n|-damage|p2b: Ninetales|48/100\n|move|p2a: Delphox|Heat Wave|p1a: Basculegion|[spread] p1a,p1b\n|-resisted|p1a: Basculegion|1\n|-resisted|p1b: Delphox|1\n|-crit|p1b: Delphox\n|-damage|p1a: Basculegion|0 fnt\n|-damage|p1b: Delphox|0 fnt\n|faint|p1a: Basculegion\n|faint|p1b: Delphox\n|\n|-weather|SunnyDay|[upkeep]\n|upkeep\n|\n|t:|1776250188\n|switch|p1b: Clefable|Clefable, L50, F|100/100\n|switch|p1a: Sneasler|Sneasler, L50, M|100/100\n|turn|4\n|-message|BubbaWubbaLubba forfeited.\n|\n|win|EnbyFlavoredSparky\n|raw|BubbaWubbaLubba's rating: 1306 &rarr; <strong>1288</strong><br />(-18 for losing)\n|raw|EnbyFlavoredSparky's rating: 1341 &rarr; <strong>1359</strong><br />(+18 for winning)\n",
  "uploadtime": 1776250198,
  "views": 71,
  "formatid": "gen9championsvgc2026regma",
  "rating": 1288,
  "private": 0,
  "password": null
}