{
  "id": "gen9championsvgc2026regma-2586485668",
  "format": "[Gen 9 Champions] VGC 2026 Reg M-A",
  "players": [
    "TafomalFX",
    "parwes"
  ],
  "log": "|j|\u2606TafomalFX\n|j|\u2606parwes\n|t:|1776437935\n|gametype|doubles\n|player|p1|TafomalFX|backpacker|1048\n|player|p2|parwes|265|1025\n|gen|9\n|tier|[Gen 9 Champions] VGC 2026 Reg M-A\n|rated|\n|rule|Species Clause: Limit one of each Pok\u00e9mon\n|rule|Item Clause: Limit 1 of each item\n|clearpoke\n|poke|p1|Lucario, L50, F|\n|poke|p1|Clefable, L50, F|\n|poke|p1|Dragapult, L50, M|\n|poke|p1|Tinkaton, L50, F|\n|poke|p1|Pelipper, L50, F|\n|poke|p1|Blastoise, L50, M|\n|poke|p2|Glalie, L50, F|\n|poke|p2|Pelipper, L50, F|\n|poke|p2|Basculegion, L50, M|\n|poke|p2|Archaludon, L50, F|\n|poke|p2|Kingambit, L50, M|\n|poke|p2|Sableye, L50, M|\n|teampreview|4\n|\n|t:|1776437971\n|teamsize|p1|4\n|teamsize|p2|4\n|start\n|switch|p1a: Dragapult|Dragapult, L50, M|100/100\n|switch|p1b: Tinkaton|Tinkaton, L50, F|100/100\n|switch|p2a: Glalie|Glalie, L50, F|100/100\n|switch|p2b: Sableye|Sableye, L50, M|100/100\n|turn|1\n|\n|t:|1776437991\n|detailschange|p2a: Glalie|Glalie-Mega, L50, F\n|-mega|p2a: Glalie|Glalie|Glalitite\n|move|p2a: Glalie|Protect|p2a: Glalie\n|-singleturn|p2a: Glalie|Protect\n|move|p1b: Tinkaton|Fake Out|p2b: Sableye\n|-immune|p2b: Sableye\n|move|p2b: Sableye|Imprison|p2b: Sableye\n|-start|p2b: Sableye|move: Imprison\n|move|p1a: Dragapult|Flamethrower|p2a: Glalie\n|-activate|p2a: Glalie|move: Protect\n|\n|upkeep\n|turn|2\n|\n|t:|1776438010\n|move|p2b: Sableye|Quash|p1a: Dragapult\n|-activate|p1a: Dragapult|move: Quash\n|move|p1b: Tinkaton|Play Rough|p2b: Sableye\n|-supereffective|p2b: Sableye|1\n|-damage|p2b: Sableye|38/100\n|move|p2a: Glalie|Explosion|p1a: Dragapult|[spread] p2b,p1a,p1b\n|-supereffective|p1a: Dragapult|1\n|-resisted|p1b: Tinkaton|1\n|-damage|p2b: Sableye|0 fnt\n|-damage|p1a: Dragapult|0 fnt\n|-damage|p1b: Tinkaton|17/100\n|faint|p2a: Glalie\n|faint|p2b: Sableye\n|faint|p1a: Dragapult\n|\n|upkeep\n|\n|t:|1776438024\n|switch|p1a: Clefable|Clefable, L50, F|100/100\n|switch|p2a: Basculegion|Basculegion, L50, M|100/100\n|switch|p2b: Archaludon|Archaludon, L50, F|100/100\n|turn|3\n|\n|t:|1776438053\n|move|p1a: Clefable|Follow Me|p1a: Clefable\n|-singleturn|p1a: Clefable|move: Follow Me\n|move|p1b: Tinkaton|Bulldoze|p2a: Basculegion|[spread] p1a,p2a,p2b\n|-supereffective|p2b: Archaludon|1\n|-damage|p1a: Clefable|90/100\n|-damage|p2a: Basculegion|86/100\n|-damage|p2b: Archaludon|86/100\n|-unboost|p1a: Clefable|spe|1\n|-unboost|p2a: Basculegion|spe|1\n|-unboost|p2b: Archaludon|spe|1\n|-ability|p2b: Archaludon|Stamina|boost\n|-boost|p2b: Archaludon|def|1\n|move|p2a: Basculegion|Last Respects|p1a: Clefable\n|-crit|p1a: Clefable\n|-damage|p1a: Clefable|0 fnt\n|faint|p1a: Clefable\n|move|p2b: Archaludon|Snarl|p1b: Tinkaton\n|-resisted|p1b: Tinkaton|1\n|-damage|p1b: Tinkaton|8/100\n|-unboost|p1b: Tinkaton|spa|1\n|\n|-heal|p2b: Archaludon|92/100|[from] item: Leftovers\n|upkeep\n|\n|t:|1776438070\n|switch|p1a: Pelipper|Pelipper, L50, F|100/100\n|-weather|RainDance|[from] ability: Drizzle|[of] p1a: Pelipper\n|turn|4\n|\n|t:|1776438087\n|move|p2a: Basculegion|Aqua Jet|p1b: Tinkaton\n|-damage|p1b: Tinkaton|0 fnt\n|faint|p1b: Tinkaton\n|move|p1a: Pelipper|Hurricane|p2a: Basculegion\n|-damage|p2a: Basculegion|31/100\n|move|p2b: Archaludon|Electro Shot||[still]\n|-prepare|p2b: Archaludon|Electro Shot\n|-boost|p2b: Archaludon|spa|1\n|-anim|p2b: Archaludon|Electro Shot|p1a: Pelipper\n|-supereffective|p1a: Pelipper|2\n|-damage|p1a: Pelipper|0 fnt\n|faint|p1a: Pelipper\n|\n|win|parwes\n|raw|TafomalFX's rating: 1048 &rarr; <strong>1030</strong><br />(-18 for losing)\n|raw|parwes's rating: 1025 &rarr; <strong>1064</strong><br />(+39 for winning)\n|c|\u2606parwes|gg\n",
  "uploadtime": 1776438101,
  "views": 23,
  "formatid": "gen9championsvgc2026regma",
  "rating": 1030,
  "private": 0,
  "password": null
}