{
  "id": "gen9championsvgc2026regma-2583467345",
  "format": "[Gen 9 Champions] VGC 2026 Reg M-A",
  "players": [
    "ku3mmelko3nig",
    "prithalt67"
  ],
  "log": "|j|\u2606ku3mmelko3nig\n|j|\u203dprithalt67\n|t:|1776177526\n|gametype|doubles\n|player|p1|ku3mmelko3nig|winona|1229\n|player|p2|prithalt67|n|1232\n|gen|9\n|tier|[Gen 9 Champions] VGC 2026 Reg M-A\n|rated|\n|rule|Species Clause: Limit one of each Pok\u00e9mon\n|rule|Item Clause: Limit 1 of each item\n|clearpoke\n|poke|p1|Charizard, L50, M|\n|poke|p1|Gengar, L50, M|\n|poke|p1|Whimsicott, L50, M|\n|poke|p1|Garchomp, L50, M|\n|poke|p1|Maushold-Four, L50|\n|poke|p1|Incineroar, L50, M|\n|poke|p2|Audino, L50, M|\n|poke|p2|Sinistcha-Masterpiece, L50|\n|poke|p2|Alakazam, L50, F|\n|poke|p2|Incineroar, L50, F|\n|poke|p2|Kingambit, L50, M|\n|poke|p2|Slowbro, L50, F|\n|teampreview|4\n|inactive|Battle timer is ON: inactive players will automatically lose when time's up. (requested by prithalt67)\n|inactive|ku3mmelko3nig also wants the timer to be on.\n|inactive|ku3mmelko3nig has 60 seconds left.\n|\n|t:|1776177566\n|teamsize|p1|4\n|teamsize|p2|4\n|start\n|switch|p1a: Charizard|Charizard, L50, M, shiny|100/100\n|switch|p1b: Incineroar|Incineroar, L50, M, shiny|100/100\n|switch|p2a: Alakazam|Alakazam, L50, F|100/100\n|switch|p2b: Audino|Audino, L50, M|100/100\n|-ability|p1b: Incineroar|Intimidate|boost\n|-fail|p2a: Alakazam|unboost|Attack|[from] ability: Inner Focus|[of] p2a: Alakazam\n|-unboost|p2b: Audino|atk|1\n|turn|1\n|\n|t:|1776177589\n|detailschange|p1a: Charizard|Charizard-Mega-Y, L50, M, shiny\n|-mega|p1a: Charizard|Charizard|Charizardite Y\n|-weather|SunnyDay|[from] ability: Drought|[of] p1a: Charizard\n|move|p2b: Audino|Protect|p2b: Audino\n|-singleturn|p2b: Audino|Protect\n|move|p1b: Incineroar|Fake Out|p2b: Audino\n|-activate|p2b: Audino|move: Protect\n|move|p2a: Alakazam|Light Screen|p2a: Alakazam\n|-sidestart|p2: prithalt67|move: Light Screen\n|move|p1a: Charizard|Heat Wave|p2b: Audino|[spread] p2a\n|-activate|p2b: Audino|move: Protect\n|-damage|p2a: Alakazam|43/100\n|\n|-weather|SunnyDay|[upkeep]\n|upkeep\n|turn|2\n|\n|t:|1776177607\n|detailschange|p2b: Audino|Audino-Mega, L50, M\n|-mega|p2b: Audino|Audino|Audinite\n|move|p2a: Alakazam|Speed Swap|p2b: Audino\n|-activate|p2a: Alakazam|move: Speed Swap|[of] p2b: Audino\n|move|p2b: Audino|Calm Mind|p2b: Audino\n|-boost|p2b: Audino|spa|1\n|-boost|p2b: Audino|spd|1\n|move|p1a: Charizard|Heat Wave|p2a: Alakazam|[spread] p2a,p2b\n|-crit|p2b: Audino\n|-damage|p2a: Alakazam|0 fnt\n|-damage|p2b: Audino|23/100\n|faint|p2a: Alakazam\n|move|p1b: Incineroar|Parting Shot|p2b: Audino\n|-unboost|p2b: Audino|atk|1\n|-unboost|p2b: Audino|spa|1\n|\n|t:|1776177622\n|switch|p1b: Maushold|Maushold-Four, L50, shiny|100/100|[from] Parting Shot\n|\n|-weather|SunnyDay|[upkeep]\n|upkeep\n|\n|t:|1776177627\n|switch|p2a: Slowbro|Slowbro, L50, F|100/100\n|turn|3\n|\n|t:|1776177634\n|move|p2b: Audino|Protect|p2b: Audino\n|-singleturn|p2b: Audino|Protect\n|move|p1b: Maushold|Feint|p2b: Audino\n|-activate|p2b: Audino|move: Feint\n|-damage|p2b: Audino|18/100\n|move|p1a: Charizard|Heat Wave|p2a: Slowbro|[spread] p2a,p2b\n|-resisted|p2a: Slowbro|1\n|-damage|p2a: Slowbro|82/100\n|-damage|p2b: Audino|0 fnt\n|faint|p2b: Audino\n|move|p2a: Slowbro|Trick Room|p2a: Slowbro\n|-fieldstart|move: Trick Room|[of] p2a: Slowbro\n|\n|-weather|SunnyDay|[upkeep]\n|-heal|p2a: Slowbro|88/100|[from] item: Leftovers\n|upkeep\n|-message|prithalt67 forfeited.\n|\n|win|ku3mmelko3nig\n|raw|ku3mmelko3nig's rating: 1229 &rarr; <strong>1254</strong><br />(+25 for winning)\n|raw|prithalt67's rating: 1232 &rarr; <strong>1207</strong><br />(-25 for losing)\n|l|\u203dprithalt67\n|player|p2|\n",
  "uploadtime": 1776177660,
  "views": 25,
  "formatid": "gen9championsvgc2026regma",
  "rating": 1207,
  "private": 0,
  "password": null
}