{
  "id": "gen9championsvgc2026regma-2582051072",
  "format": "[Gen 9 Champions] VGC 2026 Reg M-A",
  "players": [
    "luxcannon",
    "SuperDOLEK"
  ],
  "log": "|j|\u2606luxcannon\n|j|\u2606SuperDOLEK\n|t:|1776052086\n|gametype|doubles\n|player|p1|luxcannon|iris-gen5bw2|1000\n|player|p2|SuperDOLEK|2|1000\n|gen|9\n|tier|[Gen 9 Champions] VGC 2026 Reg M-A\n|rated|\n|rule|Species Clause: Limit one of each Pok\u00e9mon\n|rule|Item Clause: Limit 1 of each item\n|clearpoke\n|poke|p1|Passimian, L50, M|\n|poke|p1|Garganacl, L50, M|\n|poke|p1|Forretress, L50, M|\n|poke|p1|Sinistcha, L50|\n|poke|p1|Chimecho, L50, F|\n|poke|p1|Froslass, L50, F|\n|poke|p2|Froslass, L50, F|\n|poke|p2|Dragapult, L50, F|\n|poke|p2|Orthworm, L50, F|\n|poke|p2|Garchomp, L50, M|\n|poke|p2|Sableye, L50, F|\n|poke|p2|Milotic, L50, M|\n|teampreview|4\n|j| RKVN\n|l| RKVN\n|\n|t:|1776052117\n|teamsize|p1|4\n|teamsize|p2|4\n|start\n|switch|p1a: Passimian|Passimian, L50, M|100/100\n|switch|p1b: Forretress|Forretress, L50, M|100/100\n|switch|p2a: Orthworm|Orthworm, L50, F|100/100\n|switch|p2b: Garchomp|Garchomp, L50, M|100/100\n|turn|1\n|\n|t:|1776052139\n|move|p2b: Garchomp|Earthquake|p1a: Passimian|[spread] p1a,p1b\n|-immune|p2a: Orthworm|[from] ability: Earth Eater\n|-damage|p1a: Passimian|56/100\n|-damage|p1b: Forretress|72/100\n|move|p2a: Orthworm|Shed Tail|p2a: Orthworm\n|-start|p2a: Orthworm|Substitute|[from] move: Shed Tail\n|-damage|p2a: Orthworm|50/100\n|-enditem|p2a: Orthworm|Sitrus Berry|[eat]\n|-heal|p2a: Orthworm|75/100|[from] item: Sitrus Berry\n|\n|t:|1776052150\n|switch|p2a: Froslass|Froslass, L50, F|100/100|[from] Shed Tail\n|move|p1a: Passimian|Drain Punch|p2a: Froslass\n|-immune|p2a: Froslass\n|move|p1b: Forretress|Reflect|p1b: Forretress\n|-sidestart|p1: luxcannon|Reflect\n|\n|upkeep\n|turn|2\n|-message|luxcannon forfeited.\n|\n|win|SuperDOLEK\n|raw|luxcannon's rating: 1000 &rarr; <strong>1000</strong><br />(+0 for losing)\n|raw|SuperDOLEK's rating: 1000 &rarr; <strong>1040</strong><br />(+40 for winning)\n|l|\u2606luxcannon\n|player|p1|\n|l|\u2606SuperDOLEK\n|player|p2|\n|j| OctokinTheOctoling\n",
  "uploadtime": 1776052396,
  "views": 12,
  "formatid": "gen9championsvgc2026regma",
  "rating": 1000,
  "private": 0,
  "password": null
}