{
  "id": "gen9championsvgc2026regma-2580909180",
  "format": "[Gen 9 Champions] VGC 2026 Reg M-A",
  "players": [
    "dexter smorgan",
    "WyngsBR"
  ],
  "log": "|j|\u2606dexter smorgan\n|j|\u2606WyngsBR\n|t:|1775942473\n|gametype|doubles\n|player|p1|dexter smorgan|lass-gen4dp|1171\n|player|p2|WyngsBR|veteran|1146\n|gen|9\n|tier|[Gen 9 Champions] VGC 2026 Reg M-A\n|rated|\n|rule|Species Clause: Limit one of each Pok\u00e9mon\n|rule|Item Clause: Limit 1 of each item\n|clearpoke\n|poke|p1|Tyranitar, L50, F|\n|poke|p1|Glimmora, L50, F|\n|poke|p1|Farigiraf, L50, F|\n|poke|p1|Dragapult, L50, F|\n|poke|p1|Sylveon, L50, M|\n|poke|p1|Talonflame, L50, F|\n|poke|p2|Aerodactyl, L50, M|\n|poke|p2|Incineroar, L50, F|\n|poke|p2|Floette-Eternal, L50, F|\n|poke|p2|Basculegion, L50, M|\n|poke|p2|Garchomp, L50, M|\n|poke|p2|Sneasler, L50, F|\n|teampreview|4\n|inactive|Battle timer is ON: inactive players will automatically lose when time's up. (requested by dexter smorgan)\n|inactive|WyngsBR has 60 seconds left.\n|inactive|WyngsBR has 30 seconds left.\n|\n|t:|1775942535\n|teamsize|p1|4\n|teamsize|p2|4\n|start\n|switch|p1a: Talonflame|Talonflame, L50, F|100/100\n|switch|p1b: Farigiraf|Farigiraf, L50, F|100/100\n|switch|p2a: Aerodactyl|Aerodactyl, L50, M|100/100\n|switch|p2b: Floette|Floette-Eternal, L50, F|100/100\n|-ability|p2a: Aerodactyl|Unnerve\n|turn|1\n|\n|t:|1775942550\n|detailschange|p2b: Floette|Floette-Mega, L50, F\n|-mega|p2b: Floette|Floette|Floettite\n|-ability|p2b: Floette|Fairy Aura\n|move|p1a: Talonflame|Tailwind|p1a: Talonflame\n|-sidestart|p1: dexter smorgan|move: Tailwind\n|move|p2a: Aerodactyl|Tailwind|p2a: Aerodactyl\n|-sidestart|p2: WyngsBR|move: Tailwind\n|move|p2b: Floette|Light of Ruin|p1b: Farigiraf\n|-damage|p1b: Farigiraf|0 fnt\n|faint|p1b: Farigiraf\n|-damage|p2b: Floette|36/100|[from] Recoil\n|\n|upkeep\n|\n|t:|1775942566\n|switch|p1b: Glimmora|Glimmora, L50, F|100/100\n|turn|2\n|\n|t:|1775942573\n|detailschange|p1b: Glimmora|Glimmora-Mega, L50, F\n|-mega|p1b: Glimmora|Glimmora|Glimmoranite\n|move|p2b: Floette|Protect|p2b: Floette\n|-singleturn|p2b: Floette|Protect\n|move|p1a: Talonflame|Brave Bird|p2b: Floette\n|-activate|p2b: Floette|move: Protect\n|move|p2a: Aerodactyl|Rock Slide|p1a: Talonflame|[spread] p1a,p1b\n|-supereffective|p1a: Talonflame|2\n|-damage|p1a: Talonflame|0 fnt\n|-damage|p1b: Glimmora|70/100\n|faint|p1a: Talonflame\n|move|p1b: Glimmora|Power Gem|p2a: Aerodactyl\n|-supereffective|p2a: Aerodactyl|1\n|-enditem|p2a: Aerodactyl|Focus Sash\n|-damage|p2a: Aerodactyl|1/100\n|\n|upkeep\n|\n|t:|1775942576\n|switch|p1a: Dragapult|Dragapult, L50, F|100/100\n|turn|3\n|\n|t:|1775942595\n|move|p2a: Aerodactyl|Rock Slide|p1b: Glimmora|[spread] p1a,p1b\n|-crit|p1b: Glimmora\n|-damage|p1a: Dragapult|66/100\n|-damage|p1b: Glimmora|32/100\n|cant|p1a: Dragapult|flinch\n|cant|p1b: Glimmora|flinch\n|move|p2b: Floette|Dazzling Gleam|p1a: Dragapult|[spread] p1a,p1b\n|-supereffective|p1a: Dragapult|1\n|-resisted|p1b: Glimmora|1\n|-damage|p1a: Dragapult|0 fnt\n|-damage|p1b: Glimmora|2/100\n|faint|p1a: Dragapult\n|\n|upkeep\n|turn|4\n|-message|dexter smorgan forfeited.\n|\n|win|WyngsBR\n|raw|dexter smorgan's rating: 1171 &rarr; <strong>1144</strong><br />(-27 for losing)\n|raw|WyngsBR's rating: 1146 &rarr; <strong>1173</strong><br />(+27 for winning)\n|l|\u2606dexter smorgan\n|player|p1|\n",
  "uploadtime": 1775942609,
  "views": 13,
  "formatid": "gen9championsvgc2026regma",
  "rating": 1144,
  "private": 0,
  "password": null
}