{
  "id": "gen9championsvgc2026regma-2584153321",
  "format": "[Gen 9 Champions] VGC 2026 Reg M-A",
  "players": [
    "RoyalCookiez",
    "SavPass9"
  ],
  "log": "|j|\u2606RoyalCookiez\n|j|\u2606SavPass9\n|t:|1776231482\n|gametype|doubles\n|player|p1|RoyalCookiez|lady|1175\n|player|p2|SavPass9|170|1178\n|gen|9\n|tier|[Gen 9 Champions] VGC 2026 Reg M-A\n|rated|\n|rule|Species Clause: Limit one of each Pok\u00e9mon\n|rule|Item Clause: Limit 1 of each item\n|clearpoke\n|poke|p1|Drampa, L50, M|\n|poke|p1|Sinistcha, L50|\n|poke|p1|Zoroark-Hisui, L50, F|\n|poke|p1|Farigiraf, L50, F|\n|poke|p1|Aggron, L50, F|\n|poke|p1|Liepard, L50, F|\n|poke|p2|Incineroar, L50, F|\n|poke|p2|Gengar, L50, M|\n|poke|p2|Sinistcha, L50|\n|poke|p2|Tyranitar, L50, F|\n|poke|p2|Kingambit, L50, F|\n|poke|p2|Kommo-o, L50, M|\n|teampreview|4\n|\n|t:|1776231518\n|teamsize|p1|4\n|teamsize|p2|4\n|start\n|switch|p1a: Aggron|Aggron, L50, F|100/100\n|switch|p1b: Liepard|Liepard, L50, F|100/100\n|switch|p2a: Incineroar|Incineroar, L50, F|100/100\n|switch|p2b: Gengar|Gengar, L50, M|100/100\n|-ability|p2a: Incineroar|Intimidate|boost\n|-unboost|p1a: Aggron|atk|1\n|-unboost|p1b: Liepard|atk|1\n|turn|1\n|\n|t:|1776231559\n|detailschange|p2b: Gengar|Gengar-Mega, L50, M\n|-mega|p2b: Gengar|Gengar|Gengarite\n|move|p2b: Gengar|Protect|p2b: Gengar\n|-singleturn|p2b: Gengar|Protect\n|move|p1b: Liepard|Fake Out|p2a: Incineroar\n|-damage|p2a: Incineroar|94/100\n|cant|p2a: Incineroar|flinch\n|move|p1a: Aggron|Shadow Ball|p2b: Gengar\n|-activate|p2b: Gengar|move: Protect\n|\n|upkeep\n|turn|2\n|\n|t:|1776231580\n|switch|p2b: Kingambit|Kingambit, L50, F|100/100\n|move|p1b: Liepard|Sucker Punch||[still]\n|-fail|p1b: Liepard\n|move|p1a: Aggron|Shadow Ball|p2b: Kingambit\n|-resisted|p2b: Kingambit|1\n|-damage|p2b: Kingambit|78/100\n|move|p2a: Incineroar|Parting Shot|p1a: Aggron\n|-unboost|p1a: Aggron|atk|1\n|-unboost|p1a: Aggron|spa|1\n|\n|t:|1776231591\n|switch|p2a: Kommo-o|Kommo-o, L50, M|100/100|[from] Parting Shot\n|\n|upkeep\n|turn|3\n|\n|t:|1776231602\n|switch|p1a: Aggron|Aggron, L50, F|100/100\n|move|p1b: Liepard|Knock Off|p2a: Kommo-o\n|-resisted|p2a: Kommo-o|1\n|-damage|p2a: Kommo-o|88/100\n|-enditem|p2a: Kommo-o|Leftovers|[from] move: Knock Off|[of] p1b: Liepard\n|move|p2a: Kommo-o|Aura Sphere|p1b: Liepard\n|-supereffective|p1b: Liepard|1\n|-enditem|p1b: Liepard|Chople Berry|[eat]\n|-enditem|p1b: Liepard|Chople Berry|[weaken]\n|-damage|p1b: Liepard|13/100\n|move|p2b: Kingambit|Low Kick|p1a: Aggron\n|-supereffective|p1a: Aggron|2\n|-damage|p1a: Aggron|0 fnt\n|faint|p1a: Aggron\n|\n|upkeep\n|-message|RoyalCookiez forfeited.\n|\n|win|SavPass9\n|raw|RoyalCookiez's rating: 1175 &rarr; <strong>1150</strong><br />(-25 for losing)\n|raw|SavPass9's rating: 1178 &rarr; <strong>1203</strong><br />(+25 for winning)\n|l|\u2606RoyalCookiez\n|player|p1|\n",
  "uploadtime": 1776231651,
  "views": 28,
  "formatid": "gen9championsvgc2026regma",
  "rating": 1150,
  "private": 0,
  "password": null
}