{
  "id": "gen9championsvgc2026regma-2586914144",
  "format": "[Gen 9 Champions] VGC 2026 Reg M-A",
  "players": [
    "AidzPlayz",
    "WindWeavile"
  ],
  "log": "|j|\u2606AidzPlayz\n|j|\u2606WindWeavile\n|t:|1776471296\n|gametype|doubles\n|player|p1|AidzPlayz|ghetsis-gen5bw|1333\n|player|p2|WindWeavile|hilda-masters3|1337\n|gen|9\n|tier|[Gen 9 Champions] VGC 2026 Reg M-A\n|rated|\n|rule|Species Clause: Limit one of each Pok\u00e9mon\n|rule|Item Clause: Limit 1 of each item\n|clearpoke\n|poke|p1|Aerodactyl, L50, M|\n|poke|p1|Incineroar, L50, F|\n|poke|p1|Floette-Eternal, L50, F|\n|poke|p1|Basculegion, L50, M|\n|poke|p1|Garchomp, L50, F|\n|poke|p1|Sneasler, L50, M|\n|poke|p2|Charizard, L50, F|\n|poke|p2|Garchomp, L50, F|\n|poke|p2|Rotom-Wash, L50|\n|poke|p2|Incineroar, L50, M|\n|poke|p2|Whimsicott, L50, M|\n|poke|p2|Aegislash, L50, F|\n|teampreview|4\n|inactive|Battle timer is ON: inactive players will automatically lose when time's up. (requested by WindWeavile)\n|inactive|WindWeavile has 60 seconds left.\n|inactive|WindWeavile has 30 seconds left.\n|\n|t:|1776471357\n|teamsize|p1|4\n|teamsize|p2|4\n|start\n|switch|p1a: Incineroar|Incineroar, L50, F|100/100\n|switch|p1b: Sneasler|Sneasler, L50, M|100/100\n|switch|p2a: Whimsicott|Whimsicott, L50, M|100/100\n|switch|p2b: Rotom|Rotom-Wash, L50|100/100\n|-ability|p1a: Incineroar|Intimidate|boost\n|-unboost|p2a: Whimsicott|atk|1\n|-unboost|p2b: Rotom|atk|1\n|turn|1\n|\n|t:|1776471370\n|move|p1a: Incineroar|Fake Out|p2a: Whimsicott\n|-damage|p2a: Whimsicott|83/100\n|cant|p2a: Whimsicott|flinch\n|move|p1b: Sneasler|Dire Claw|p2a: Whimsicott\n|-supereffective|p2a: Whimsicott|2\n|-damage|p2a: Whimsicott|0 fnt\n|faint|p2a: Whimsicott\n|move|p2b: Rotom|Hydro Pump|p1a: Incineroar|[miss]\n|-miss|p2b: Rotom|p1a: Incineroar\n|\n|upkeep\n|\n|t:|1776471374\n|switch|p2a: Garchomp|Garchomp, L50, F|100/100\n|turn|2\n|inactive|AidzPlayz has 30 seconds left.\n|\n|t:|1776471402\n|move|p1b: Sneasler|Protect|p1b: Sneasler\n|-singleturn|p1b: Sneasler|Protect\n|move|p2a: Garchomp|Earthquake|p1a: Incineroar|[spread] p1a\n|-activate|p1b: Sneasler|move: Protect\n|-immune|p2b: Rotom|[from] ability: Levitate\n|-supereffective|p1a: Incineroar|1\n|-damage|p1a: Incineroar|22/100\n|-enditem|p1a: Incineroar|Sitrus Berry|[eat]\n|-heal|p1a: Incineroar|47/100|[from] item: Sitrus Berry\n|move|p2b: Rotom|Hydro Pump|p1a: Incineroar|[miss]\n|-miss|p2b: Rotom|p1a: Incineroar\n|move|p1a: Incineroar|Parting Shot|p2a: Garchomp\n|-unboost|p2a: Garchomp|atk|1\n|-unboost|p2a: Garchomp|spa|1\n|-message|WindWeavile forfeited.\n|\n|win|AidzPlayz\n|raw|AidzPlayz's rating: 1333 &rarr; <strong>1353</strong><br />(+20 for winning)\n|raw|WindWeavile's rating: 1337 &rarr; <strong>1317</strong><br />(-20 for losing)\n",
  "uploadtime": 1776471410,
  "views": 44,
  "formatid": "gen9championsvgc2026regma",
  "rating": 1317,
  "private": 0,
  "password": null
}