{
  "id": "gen9championsvgc2026regma-2584764062",
  "format": "[Gen 9 Champions] VGC 2026 Reg M-A",
  "players": [
    "BlG Ballah",
    "Hedgehogwarrior"
  ],
  "log": "|j|\u2606BlG Ballah\n|j|\u2606Hedgehogwarrior\n|t:|1776281989\n|gametype|doubles\n|player|p1|BlG Ballah|169|1052\n|player|p2|Hedgehogwarrior|170|1142\n|gen|9\n|tier|[Gen 9 Champions] VGC 2026 Reg M-A\n|rated|\n|rule|Species Clause: Limit one of each Pok\u00e9mon\n|rule|Item Clause: Limit 1 of each item\n|clearpoke\n|poke|p1|Heracross, L50, F|\n|poke|p1|Klefki, L50, M|\n|poke|p1|Archaludon, L50, F|\n|poke|p1|Maushold-Four, L50|\n|poke|p1|Sneasler, L50, M|\n|poke|p1|Sinistcha-Masterpiece, L50|\n|poke|p2|Crabominable, L50, M|\n|poke|p2|Aurorus, L50, F|\n|poke|p2|Slowking-Galar, L50, F|\n|poke|p2|Sinistcha, L50|\n|poke|p2|Incineroar, L50, F|\n|poke|p2|Aerodactyl, L50, F|\n|teampreview|4\n|inactive|Battle timer is ON: inactive players will automatically lose when time's up. (requested by BlG Ballah)\n|\n|t:|1776282025\n|teamsize|p1|4\n|teamsize|p2|4\n|start\n|switch|p1a: Klefki|Klefki, L50, M|100/100\n|switch|p1b: Archaludon|Archaludon, L50, F|100/100\n|switch|p2a: Incineroar|Incineroar, L50, F|100/100\n|switch|p2b: Slowking|Slowking-Galar, L50, F|100/100\n|-ability|p2a: Incineroar|Intimidate|boost\n|-unboost|p1a: Klefki|atk|1\n|-unboost|p1b: Archaludon|atk|1\n|turn|1\n|\n|t:|1776282046\n|switch|p1b: Heracross|Heracross, L50, F|100/100\n|move|p2a: Incineroar|Fake Out|p1b: Heracross\n|-damage|p1b: Heracross|87/100\n|move|p1a: Klefki|Rain Dance|p1a: Klefki\n|-weather|RainDance\n|move|p2b: Slowking|Trick Room|p2b: Slowking\n|-fieldstart|move: Trick Room|[of] p2b: Slowking\n|\n|-weather|RainDance|[upkeep]\n|upkeep\n|turn|2\n|inactive|BlG Ballah has 30 seconds left.\n|inactive|BlG Ballah has 20 seconds left.\n|inactive|BlG Ballah has 15 seconds left.\n|inactive|BlG Ballah has 10 seconds left.\n|inactive|BlG Ballah has 5 seconds left.\n|\n|t:|1776282098\n|move|p2b: Slowking|Psychic|p1b: Heracross\n|-supereffective|p1b: Heracross|1\n|-damage|p1b: Heracross|13/100\n|move|p2a: Incineroar|Parting Shot|p1b: Heracross\n|-unboost|p1b: Heracross|atk|1\n|-unboost|p1b: Heracross|spa|1\n|-message|BlG Ballah forfeited.\n|\n|win|Hedgehogwarrior\n|raw|BlG Ballah's rating: 1052 &rarr; <strong>1039</strong><br />(-13 for losing)\n|raw|Hedgehogwarrior's rating: 1142 &rarr; <strong>1161</strong><br />(+19 for winning)\n|l|\u2606BlG Ballah\n|player|p1|\n",
  "uploadtime": 1776282113,
  "views": 19,
  "formatid": "gen9championsvgc2026regma",
  "rating": 1039,
  "private": 0,
  "password": null
}