{
  "id": "gen9championsvgc2026regma-2585419294",
  "format": "[Gen 9 Champions] VGC 2026 Reg M-A",
  "players": [
    "StarSmileXD",
    "UhhArashi"
  ],
  "log": "|j|\u2606StarSmileXD\n|j|\u2606UhhArashi\n|t:|1776345977\n|gametype|doubles\n|player|p1|StarSmileXD|cynthia|1050\n|player|p2|UhhArashi|169|1066\n|gen|9\n|tier|[Gen 9 Champions] VGC 2026 Reg M-A\n|rated|\n|rule|Species Clause: Limit one of each Pok\u00e9mon\n|rule|Item Clause: Limit 1 of each item\n|clearpoke\n|poke|p1|Lucario, L50, F|\n|poke|p1|Archaludon, L50, M|\n|poke|p1|Garchomp, L50, M|\n|poke|p1|Pelipper, L50, F|\n|poke|p1|Greninja-*, L50, M|\n|poke|p1|Dragapult, L50, F|\n|poke|p2|Gallade, L50, M|\n|poke|p2|Corviknight, L50, F|\n|poke|p2|Farigiraf, L50, F|\n|poke|p2|Rotom-Wash, L50|\n|poke|p2|Incineroar, L50, M|\n|poke|p2|Gardevoir, L50, F|\n|teampreview|4\n|\n|t:|1776346028\n|teamsize|p1|4\n|teamsize|p2|4\n|start\n|switch|p1a: Greninja|Greninja, L50, M, shiny|100/100\n|switch|p1b: Pelipper|Pelipper, L50, F|100/100\n|switch|p2a: Incineroar|Incineroar, L50, M, shiny|100/100\n|switch|p2b: Gallade|Gallade, L50, M|100/100\n|-weather|RainDance|[from] ability: Drizzle|[of] p1b: Pelipper\n|-ability|p2a: Incineroar|Intimidate|boost\n|-unboost|p1a: Greninja|atk|1\n|-unboost|p1b: Pelipper|atk|1\n|turn|1\n|\n|t:|1776346060\n|detailschange|p1a: Greninja|Greninja-Mega, L50, M, shiny\n|-mega|p1a: Greninja|Greninja|Greninjite\n|move|p2a: Incineroar|Fake Out|p1a: Greninja\n|-damage|p1a: Greninja|85/100\n|cant|p1a: Greninja|flinch\n|move|p2b: Gallade|Psycho Cut|p1b: Pelipper\n|-damage|p1b: Pelipper|29/100\n|move|p1b: Pelipper|Muddy Water|p2b: Gallade|[spread] p2a,p2b\n|-supereffective|p2a: Incineroar|1\n|-damage|p2a: Incineroar|8/100\n|-damage|p2b: Gallade|48/100\n|-unboost|p2b: Gallade|accuracy|1\n|-enditem|p2a: Incineroar|Sitrus Berry|[eat]\n|-heal|p2a: Incineroar|33/100|[from] item: Sitrus Berry\n|\n|-weather|RainDance|[upkeep]\n|upkeep\n|turn|2\n|\n|t:|1776346100\n|switch|p1a: Dragapult|Dragapult, L50, F|100/100\n|switch|p2b: Corviknight|Corviknight, L50, F|100/100\n|switch|p2a: Gardevoir|Gardevoir, L50, F|100/100\n|move|p1b: Pelipper|Protect||[still]\n|-fail|p1b: Pelipper\n|\n|-weather|RainDance|[upkeep]\n|upkeep\n|turn|3\n|\n|t:|1776346125\n|switch|p1b: Garchomp|Garchomp, L50, M|100/100\n|detailschange|p2a: Gardevoir|Gardevoir-Mega, L50, F\n|-mega|p2a: Gardevoir|Gardevoir|Gardevoirite\n|move|p1a: Dragapult|Thunder|p2b: Corviknight\n|-supereffective|p2b: Corviknight|1\n|-damage|p2b: Corviknight|48/100\n|-status|p2b: Corviknight|par\n|move|p2a: Gardevoir|Hyper Voice|p1a: Dragapult|[spread] p1a,p1b\n|-supereffective|p1a: Dragapult|1\n|-supereffective|p1b: Garchomp|1\n|-damage|p1a: Dragapult|0 fnt\n|-damage|p1b: Garchomp|0 fnt\n|faint|p1a: Dragapult\n|faint|p1b: Garchomp\n|move|p2b: Corviknight|Tailwind|p2b: Corviknight\n|-sidestart|p2: UhhArashi|move: Tailwind\n|\n|-weather|RainDance|[upkeep]\n|upkeep\n|\n|t:|1776346144\n|switch|p1a: Greninja|Greninja-Mega, L50, M, shiny|85/100\n|switch|p1b: Pelipper|Pelipper, L50, F|29/100\n|turn|4\n|\n|t:|1776346152\n|move|p2a: Gardevoir|Hyper Voice|p1a: Greninja|[spread] p1a,p1b\n|-supereffective|p1a: Greninja|1\n|-damage|p1a: Greninja|0 fnt\n|-damage|p1b: Pelipper|0 fnt\n|faint|p1a: Greninja\n|faint|p1b: Pelipper\n|\n|win|UhhArashi\n|raw|StarSmileXD's rating: 1050 &rarr; <strong>1033</strong><br />(-17 for losing)\n|raw|UhhArashi's rating: 1066 &rarr; <strong>1095</strong><br />(+29 for winning)\n",
  "uploadtime": 1776346158,
  "views": 29,
  "formatid": "gen9championsvgc2026regma",
  "rating": 1033,
  "private": 0,
  "password": null
}