{
  "id": "gen9championsvgc2026regma-2582943389",
  "format": "[Gen 9 Champions] VGC 2026 Reg M-A",
  "players": [
    "remidas1",
    "redtoteyreal"
  ],
  "log": "|j|\u2606remidas1\n|j|\u2606redtoteyreal\n|t:|1776127140\n|gametype|doubles\n|player|p1|remidas1|102|1277\n|player|p2|redtoteyreal|ninjaboy|1345\n|gen|9\n|tier|[Gen 9 Champions] VGC 2026 Reg M-A\n|rated|\n|rule|Species Clause: Limit one of each Pok\u00e9mon\n|rule|Item Clause: Limit 1 of each item\n|clearpoke\n|poke|p1|Froslass, L50, F|\n|poke|p1|Kingambit, L50, M|\n|poke|p1|Sinistcha, L50|\n|poke|p1|Arcanine-Hisui, L50, M|\n|poke|p1|Palafin, L50, F|\n|poke|p1|Sneasler, L50, F|\n|poke|p2|Floette-Eternal, L50, F|\n|poke|p2|Maushold-Four, L50|\n|poke|p2|Garchomp, L50, M|\n|poke|p2|Aerodactyl, L50, F|\n|poke|p2|Aegislash, L50, M|\n|poke|p2|Rotom-Wash, L50|\n|teampreview|4\n|inactive|Battle timer is ON: inactive players will automatically lose when time's up. (requested by redtoteyreal)\nredtoteyreal has agreed to open team sheets.\n|inactive|remidas1 has 60 seconds left.\n|\n|t:|1776127176\n|teamsize|p1|4\n|teamsize|p2|4\n|start\n|switch|p1a: Sneasler|Sneasler, L50, F|100/100\n|switch|p1b: Froslass|Froslass, L50, F|100/100\n|switch|p2a: Garchomp|Garchomp, L50, M|100/100\n|switch|p2b: Aerodactyl|Aerodactyl, L50, F, shiny|100/100\n|-ability|p2b: Aerodactyl|Unnerve\n|-ability|p1a: Sneasler|Pressure\n|turn|1\n|\n|t:|1776127187\n|detailschange|p1b: Froslass|Froslass-Mega, L50, F\n|-mega|p1b: Froslass|Froslass|Froslassite\n|-weather|Snowscape|[from] ability: Snow Warning|[of] p1b: Froslass\n|move|p2b: Aerodactyl|Protect|p2b: Aerodactyl\n|-singleturn|p2b: Aerodactyl|Protect\n|move|p2a: Garchomp|Protect|p2a: Garchomp\n|-singleturn|p2a: Garchomp|Protect\n|move|p1a: Sneasler|Fake Out|p2b: Aerodactyl\n|-activate|p2b: Aerodactyl|move: Protect\n|move|p1b: Froslass|Blizzard|p2b: Aerodactyl|[spread] \n|-activate|p2a: Garchomp|move: Protect\n|-activate|p2b: Aerodactyl|move: Protect\n|\n|-weather|Snowscape|[upkeep]\n|upkeep\n|turn|2\n|\n|t:|1776127207\n|switch|p2a: Aegislash|Aegislash, L50, M|100/100\n|move|p1a: Sneasler|Protect|p1a: Sneasler\n|-singleturn|p1a: Sneasler|Protect\n|move|p2b: Aerodactyl|Tailwind|p2b: Aerodactyl\n|-sidestart|p2: redtoteyreal|move: Tailwind\n|move|p1b: Froslass|Aurora Veil|p1b: Froslass\n|-sidestart|p1: remidas1|move: Aurora Veil\n|\n|-weather|Snowscape|[upkeep]\n|upkeep\n|turn|3\n|\n|t:|1776127221\n|move|p2b: Aerodactyl|Rock Slide|p1b: Froslass|[spread] p1a,p1b\n|-resisted|p1a: Sneasler|1\n|-supereffective|p1b: Froslass|1\n|-damage|p1a: Sneasler|86/100\n|-damage|p1b: Froslass|73/100\n|cant|p1a: Sneasler|flinch\n|cant|p1b: Froslass|flinch\n|-formechange|p2a: Aegislash|Aegislash-Blade|\n|move|p2a: Aegislash|Poltergeist|p1b: Froslass|[miss]\n|-miss|p2a: Aegislash|p1b: Froslass\n|\n|-weather|Snowscape|[upkeep]\n|upkeep\n|turn|4\n|\n|t:|1776127244\n|move|p2b: Aerodactyl|Rock Slide|p1b: Froslass|[spread] p1a,p1b\n|-resisted|p1a: Sneasler|1\n|-supereffective|p1b: Froslass|1\n|-damage|p1a: Sneasler|72/100\n|-damage|p1b: Froslass|47/100\n|cant|p1a: Sneasler|flinch\n|cant|p1b: Froslass|flinch\n|move|p2a: Aegislash|Poltergeist|p1b: Froslass\n|-activate|p1b: Froslass|move: Poltergeist|Froslassite\n|-supereffective|p1b: Froslass|1\n|-damage|p1b: Froslass|0 fnt\n|faint|p1b: Froslass\n|\n|-weather|Snowscape|[upkeep]\n|upkeep\n|-message|remidas1 forfeited.\n|\n|win|redtoteyreal\n|raw|remidas1's rating: 1277 &rarr; <strong>1257</strong><br />(-20 for losing)\n|raw|redtoteyreal's rating: 1345 &rarr; <strong>1361</strong><br />(+16 for winning)\n|l|\u2606remidas1\n|player|p1|\n",
  "uploadtime": 1776127259,
  "views": 57,
  "formatid": "gen9championsvgc2026regma",
  "rating": 1257,
  "private": 0,
  "password": null
}