{
  "id": "gen9championsvgc2026regma-2581617784",
  "format": "[Gen 9 Champions] VGC 2026 Reg M-A",
  "players": [
    "EvWX",
    "surpraishd"
  ],
  "log": "|j|\u2606EvWX\n|j|\u2606surpraishd\n|t:|1776015504\n|gametype|doubles\n|player|p1|EvWX|flannery|1175\n|player|p2|surpraishd|cynthia-gen7|1103\n|gen|9\n|tier|[Gen 9 Champions] VGC 2026 Reg M-A\n|rated|\n|rule|Species Clause: Limit one of each Pok\u00e9mon\n|rule|Item Clause: Limit 1 of each item\n|clearpoke\n|poke|p1|Feraligatr, L50, F|\n|poke|p1|Sneasler, L50, F|\n|poke|p1|Pelipper, L50, M|\n|poke|p1|Archaludon, L50, M|\n|poke|p1|Meganium, L50, M|\n|poke|p1|Garchomp, L50, M|\n|poke|p2|Basculegion, L50, M|\n|poke|p2|Pelipper, L50, F|\n|poke|p2|Dragonite, L50, F|\n|poke|p2|Glimmora, L50, F|\n|poke|p2|Heliolisk, L50, F|\n|poke|p2|Sinistcha-Masterpiece, L50|\n|teampreview|4\n|inactive|Battle timer is ON: inactive players will automatically lose when time's up. (requested by EvWX)\n|\n|t:|1776015559\n|teamsize|p1|4\n|teamsize|p2|4\n|start\n|switch|p1a: Pelipper|Pelipper, L50, M|100/100\n|switch|p1b: later gatr (shiny)|Feraligatr, L50, F, shiny|100/100\n|switch|p2a: Heliolisk|Heliolisk, L50, F|100/100\n|switch|p2b: Pelipper|Pelipper, L50, F|100/100\n|-weather|RainDance|[from] ability: Drizzle|[of] p2b: Pelipper\n|turn|1\n|inactive|EvWX has 30 seconds left.\n|inactive|surpraishd has 30 seconds left.\n|\n|t:|1776015596\n|switch|p1a: Sneasler|Sneasler, L50, F, shiny|100/100\n|move|p2a: Heliolisk|Thunder|p1b: later gatr (shiny)\n|-supereffective|p1b: later gatr (shiny)|1\n|-damage|p1b: later gatr (shiny)|0 fnt\n|faint|p1b: later gatr (shiny)\n|move|p2b: Pelipper|Tailwind|p2b: Pelipper\n|-sidestart|p2: surpraishd|move: Tailwind\n|\n|-weather|RainDance|[upkeep]\n|upkeep\n|\n|t:|1776015604\n|switch|p1b: Pelipper|Pelipper, L50, M|100/100\n|turn|2\n|\n|t:|1776015610\n|move|p1a: Sneasler|Fake Out|p2a: Heliolisk\n|-damage|p2a: Heliolisk|74/100\n|cant|p2a: Heliolisk|flinch\n|move|p2b: Pelipper|Hurricane|p1a: Sneasler\n|-supereffective|p1a: Sneasler|1\n|-damage|p1a: Sneasler|10/100\n|move|p1b: Pelipper|Tailwind|p1b: Pelipper\n|-sidestart|p1: EvWX|move: Tailwind\n|\n|-weather|RainDance|[upkeep]\n|-heal|p2a: Heliolisk|86/100|[from] ability: Dry Skin\n|upkeep\n|turn|3\n|\n|t:|1776015640\n|move|p2a: Heliolisk|Thunder|p1b: Pelipper\n|-supereffective|p1b: Pelipper|2\n|-damage|p1b: Pelipper|0 fnt\n|faint|p1b: Pelipper\n|move|p1a: Sneasler|Close Combat|p2a: Heliolisk\n|-supereffective|p2a: Heliolisk|1\n|-damage|p2a: Heliolisk|0 fnt\n|-unboost|p1a: Sneasler|def|1\n|-unboost|p1a: Sneasler|spd|1\n|faint|p2a: Heliolisk\n|-enditem|p1a: Sneasler|White Herb\n|-clearnegativeboost|p1a: Sneasler|[silent]\n|move|p2b: Pelipper|Hurricane|p1a: Sneasler\n|-supereffective|p1a: Sneasler|1\n|-damage|p1a: Sneasler|0 fnt\n|faint|p1a: Sneasler\n|\n|-weather|RainDance|[upkeep]\n|upkeep\n|\n|t:|1776015658\n|switch|p2a: Dragonite|Dragonite, L50, F|100/100\n|switch|p1b: lol BOOOMM|Meganium, L50, M, shiny|100/100\n|turn|4\n|\n|t:|1776015668\n|detailschange|p2a: Dragonite|Dragonite-Mega, L50, F\n|-mega|p2a: Dragonite|Dragonite|Dragoninite\n|detailschange|p1b: lol BOOOMM|Meganium-Mega, L50, M, shiny\n|-mega|p1b: lol BOOOMM|Meganium|Meganiumite\n|move|p2a: Dragonite|Hurricane|p1b: lol BOOOMM\n|-supereffective|p1b: lol BOOOMM|1\n|-damage|p1b: lol BOOOMM|0 fnt\n|faint|p1b: lol BOOOMM\n|\n|win|surpraishd\n|raw|EvWX's rating: 1175 &rarr; <strong>1145</strong><br />(-30 for losing)\n|raw|surpraishd's rating: 1103 &rarr; <strong>1133</strong><br />(+30 for winning)\n|l|\u2606EvWX\n|player|p1|\n|c|\u2606surpraishd|gg\n",
  "uploadtime": 1776015677,
  "views": 17,
  "formatid": "gen9championsvgc2026regma",
  "rating": 1133,
  "private": 0,
  "password": null
}