{
  "id": "gen9championsvgc2026regma-2585288119",
  "format": "[Gen 9 Champions] VGC 2026 Reg M-A",
  "players": [
    "Chaotic1856",
    "ericaikok"
  ],
  "log": "|j|\u2606Chaotic1856\n|j|\u2606ericaikok\n|t:|1776334129\n|gametype|doubles\n|player|p1|Chaotic1856|bugsy|1158\n|player|p2|ericaikok|#ptplvidazzlingdiancies|1195\n|gen|9\n|tier|[Gen 9 Champions] VGC 2026 Reg M-A\n|rated|\n|rule|Species Clause: Limit one of each Pok\u00e9mon\n|rule|Item Clause: Limit 1 of each item\n|clearpoke\n|poke|p1|Greninja-*, L50, F|\n|poke|p1|Kingambit, L50, F|\n|poke|p1|Incineroar, L50, F|\n|poke|p1|Sableye, L50, F|\n|poke|p1|Hydreigon, L50, M|\n|poke|p1|Liepard, L50, F|\n|poke|p2|Gengar, L50, F|\n|poke|p2|Whimsicott, L50, M|\n|poke|p2|Incineroar, L50, M|\n|poke|p2|Sneasler, L50, M|\n|poke|p2|Rotom-Wash, L50|\n|poke|p2|Arcanine-Hisui, L50, F|\n|teampreview|4\n|inactive|Battle timer is ON: inactive players will automatically lose when time's up. (requested by ericaikok)\n|inactive|Chaotic1856 has 60 seconds left.\n|inactive|ericaikok has 60 seconds left.\n|\n|t:|1776334171\n|teamsize|p1|4\n|teamsize|p2|4\n|start\n|switch|p1a: Sableye|Sableye, L50, F, shiny|100/100\n|switch|p1b: Kingambit|Kingambit, L50, F, shiny|100/100\n|switch|p2a: Sneasler|Sneasler, L50, M|100/100\n|switch|p2b: Whimsicott|Whimsicott, L50, M|100/100\n|turn|1\n|inactive|ericaikok has 30 seconds left.\n|\n|t:|1776334203\n|switch|p2a: Arcanine|Arcanine-Hisui, L50, F|100/100\n|-ability|p2a: Arcanine|Intimidate|boost\n|-unboost|p1a: Sableye|atk|1\n|-unboost|p1b: Kingambit|atk|1\n|-ability|p1b: Kingambit|Defiant|boost\n|-boost|p1b: Kingambit|atk|2\n|move|p1a: Sableye|Will-O-Wisp|p2a: Arcanine\n|-immune|p2a: Arcanine\n|move|p2b: Whimsicott|Moonblast|p1a: Sableye\n|-supereffective|p1a: Sableye|1\n|-damage|p1a: Sableye|34/100\n|-enditem|p1a: Sableye|Sitrus Berry|[eat]\n|-heal|p1a: Sableye|59/100|[from] item: Sitrus Berry\n|move|p1b: Kingambit|Swords Dance|p1b: Kingambit\n|-boost|p1b: Kingambit|atk|2\n|\n|upkeep\n|turn|2\n|l|\u2606ericaikok\n|inactive|ericaikok disconnected and has a minute to reconnect!\n|player|p2|\n|inactive|ericaikok has 30 seconds left.\n|j|\u2606ericaikok\n|inactive|ericaikok reconnected and has 25 seconds left.\n|player|p2|ericaikok|#ptplvidazzlingdiancies|\n|inactive|ericaikok has 20 seconds left.\n|\n|t:|1776334238\n|move|p1a: Sableye|Taunt|p2b: Whimsicott\n|-start|p2b: Whimsicott|move: Taunt\n|move|p1b: Kingambit|Sucker Punch|p2a: Arcanine\n|-damage|p2a: Arcanine|0 fnt\n|faint|p2a: Arcanine\n|move|p2b: Whimsicott|Moonblast|p1a: Sableye\n|-supereffective|p1a: Sableye|1\n|-damage|p1a: Sableye|0 fnt\n|faint|p1a: Sableye\n|\n|upkeep\n|\n|t:|1776334247\n|switch|p2a: Sneasler|Sneasler, L50, M|100/100\n|switch|p1a: Incineroar|Incineroar, L50, F|100/100\n|-ability|p1a: Incineroar|Intimidate|boost\n|-unboost|p2a: Sneasler|atk|1\n|-unboost|p2b: Whimsicott|atk|1\n|-enditem|p2a: Sneasler|White Herb\n|-clearnegativeboost|p2a: Sneasler|[silent]\n|turn|3\n|\n|t:|1776334264\n|switch|p2b: Rotom|Rotom-Wash, L50|100/100\n|move|p1a: Incineroar|Fake Out|p2a: Sneasler\n|-damage|p2a: Sneasler|78/100\n|cant|p2a: Sneasler|flinch\n|move|p1b: Kingambit|Iron Head|p2a: Sneasler\n|-damage|p2a: Sneasler|0 fnt\n|faint|p2a: Sneasler\n|\n|upkeep\n|\n|t:|1776334280\n|switch|p2a: Whimsicott|Whimsicott, L50, M|100/100\n|turn|4\n|l|\u2606ericaikok\n|inactive|ericaikok disconnected and has a minute to reconnect!\n|player|p2|\n|inactive|ericaikok has 30 seconds left.\n|j|\u2606ericaikok\n|inactive|ericaikok reconnected and has 30 seconds left.\n|player|p2|ericaikok|#ptplvidazzlingdiancies|\n|\n|t:|1776334311\n|move|p2a: Whimsicott|Protect|p2a: Whimsicott\n|-singleturn|p2a: Whimsicott|Protect\n|move|p1b: Kingambit|Sucker Punch|p2b: Rotom\n|-damage|p2b: Rotom|0 fnt\n|faint|p2b: Rotom\n|move|p1a: Incineroar|Flare Blitz|p2a: Whimsicott\n|-activate|p2a: Whimsicott|move: Protect\n|\n|upkeep\n|turn|5\n|-message|ericaikok forfeited.\n|\n|win|Chaotic1856\n|raw|Chaotic1856's rating: 1158 &rarr; <strong>1186</strong><br />(+28 for winning)\n|raw|ericaikok's rating: 1195 &rarr; <strong>1167</strong><br />(-28 for losing)\n",
  "uploadtime": 1776334319,
  "views": 19,
  "formatid": "gen9championsvgc2026regma",
  "rating": 1167,
  "private": 0,
  "password": null
}