{
  "id": "gen9championsvgc2026regma-2583760244",
  "format": "[Gen 9 Champions] VGC 2026 Reg M-A",
  "players": [
    "DarthPug03",
    "Wolfe Flick"
  ],
  "log": "|j|\u2606DarthPug03\n|j|\u2606Wolfe Flick\n|t:|1776195844\n|gametype|doubles\n|player|p1|DarthPug03|morty|1437\n|player|p2|Wolfe Flick|leon-tower|1556\n|gen|9\n|tier|[Gen 9 Champions] VGC 2026 Reg M-A\n|rated|\n|rule|Species Clause: Limit one of each Pok\u00e9mon\n|rule|Item Clause: Limit 1 of each item\n|clearpoke\n|poke|p1|Tyranitar, L50, F|\n|poke|p1|Gardevoir, L50, F|\n|poke|p1|Rotom-Heat, L50|\n|poke|p1|Sinistcha, L50|\n|poke|p1|Corviknight, L50, M|\n|poke|p1|Milotic, L50, F|\n|poke|p2|Pelipper, L50, M|\n|poke|p2|Meganium, L50, M|\n|poke|p2|Basculegion, L50, M|\n|poke|p2|Archaludon, L50, M|\n|poke|p2|Glimmora, L50, F|\n|poke|p2|Sableye, L50, F|\n|teampreview|4\n|j| carlinss\n|j| itastelikeiron\n|\n|t:|1776195909\n|teamsize|p1|4\n|teamsize|p2|4\n|start\n|switch|p1a: Tyranitar|Tyranitar, L50, F|100/100\n|switch|p1b: Sinistcha|Sinistcha, L50|100/100\n|switch|p2a: Meganium|Meganium, L50, M, shiny|100/100\n|switch|p2b: Basculegion|Basculegion, L50, M|100/100\n|-weather|Sandstorm|[from] ability: Sand Stream|[of] p1a: Tyranitar\n|turn|1\n|\n|t:|1776195936\n|detailschange|p2a: Meganium|Meganium-Mega, L50, M, shiny\n|-mega|p2a: Meganium|Meganium|Meganiumite\n|move|p1a: Tyranitar|Protect|p1a: Tyranitar\n|-singleturn|p1a: Tyranitar|Protect\n|move|p2b: Basculegion|Flip Turn|p1a: Tyranitar\n|-activate|p1a: Tyranitar|move: Protect\n|move|p2a: Meganium|Weather Ball|p1b: Sinistcha\n|-supereffective|p1b: Sinistcha|1\n|-damage|p1b: Sinistcha|0 fnt\n|faint|p1b: Sinistcha\n|\n|-weather|Sandstorm|[upkeep]\n|-damage|p2b: Basculegion|94/100|[from] Sandstorm\n|-damage|p2a: Meganium|94/100|[from] Sandstorm\n|upkeep\n|\n|t:|1776195949\n|switch|p1b: Rotom|Rotom-Heat, L50|100/100\n|turn|2\n|\n|t:|1776195968\n|detailschange|p1a: Tyranitar|Tyranitar-Mega, L50, F\n|-mega|p1a: Tyranitar|Tyranitar|Tyranitarite\n|move|p2a: Meganium|Protect|p2a: Meganium\n|-singleturn|p2a: Meganium|Protect\n|move|p2b: Basculegion|Flip Turn|p1b: Rotom\n|-supereffective|p1b: Rotom|1\n|-damage|p1b: Rotom|16/100\n|j| 18787test\n|\n|t:|1776195977\n|switch|p2b: Pelipper|Pelipper, L50, M, shiny|100/100|[from] Flip Turn\n|-weather|RainDance|[from] ability: Drizzle|[of] p2b: Pelipper\n|move|p1b: Rotom|Overheat|p2a: Meganium\n|-activate|p2a: Meganium|move: Protect\n|move|p1a: Tyranitar|Knock Off|p2b: Pelipper\n|-damage|p2b: Pelipper|14/100\n|-enditem|p2b: Pelipper|Focus Sash|[from] move: Knock Off|[of] p1a: Tyranitar\n|\n|-weather|RainDance|[upkeep]\n|-heal|p1b: Rotom|22/100|[from] item: Leftovers\n|upkeep\n|turn|3\n|\n|t:|1776195997\n|switch|p1a: Gardevoir|Gardevoir, L50, F|100/100\n|-ability|p1a: Gardevoir|Mega Sol|Trace|[from] ability: Trace|[of] p2a: Meganium\n|move|p2a: Meganium|Solar Beam||[still]\n|-prepare|p2a: Meganium|Solar Beam\n|-activate|p2a: Meganium|ability: Mega Sol\n|-anim|p2a: Meganium|Solar Beam|p1a: Gardevoir\n|-damage|p1a: Gardevoir|23/100\n|move|p2b: Pelipper|Muddy Water|p1b: Rotom|[spread] p1a,p1b\n|-crit|p1a: Gardevoir\n|-supereffective|p1b: Rotom|1\n|-damage|p1a: Gardevoir|0 fnt\n|-damage|p1b: Rotom|0 fnt\n|faint|p1a: Gardevoir\n|faint|p1b: Rotom\n|\n|-weather|RainDance|[upkeep]\n|upkeep\n|-message|DarthPug03 forfeited.\n|\n|win|Wolfe Flick\n|raw|DarthPug03's rating: 1437 &rarr; <strong>1424</strong><br />(-13 for losing)\n|raw|Wolfe Flick's rating: 1556 &rarr; <strong>1569</strong><br />(+13 for winning)\n|l|\u2606DarthPug03\n|player|p1|\n|l|\u2606Wolfe Flick\n|player|p2|\n",
  "uploadtime": 1776196215,
  "views": 36,
  "formatid": "gen9championsvgc2026regma",
  "rating": 1424,
  "private": 0,
  "password": null
}