{
  "id": "gen9championsvgc2026regma-2587506963",
  "format": "[Gen 9 Champions] VGC 2026 Reg M-A",
  "players": [
    "hjcwhj",
    "shangenb"
  ],
  "log": "|j|\u2606hjcwhj\n|j|\u2606shangenb\n|t:|1776537676\n|gametype|doubles\n|player|p1|hjcwhj|102|1265\n|player|p2|shangenb|101|1329\n|gen|9\n|tier|[Gen 9 Champions] VGC 2026 Reg M-A\n|rated|\n|rule|Species Clause: Limit one of each Pok\u00e9mon\n|rule|Item Clause: Limit 1 of each item\n|clearpoke\n|poke|p1|Dragonite, L50, F, shiny|\n|poke|p1|Basculegion, L50, M, shiny|\n|poke|p1|Pelipper, L50, M, shiny|\n|poke|p1|Sinistcha, L50, shiny|\n|poke|p1|Incineroar, L50, F, shiny|\n|poke|p1|Kingambit, L50, F, shiny|\n|poke|p2|Floette-Eternal, L50, F|\n|poke|p2|Garchomp, L50, F|\n|poke|p2|Sneasler, L50, M|\n|poke|p2|Basculegion-F, L50, F|\n|poke|p2|Aerodactyl, L50, F|\n|poke|p2|Incineroar, L50, M|\n|teampreview|4\n|inactive|Battle timer is ON: inactive players will automatically lose when time's up. (requested by shangenb)\n|inactive|hjcwhj has 60 seconds left.\n|inactive|shangenb has 60 seconds left.\n|\n|t:|1776537719\n|teamsize|p1|4\n|teamsize|p2|4\n|start\n|switch|p1a: Pelipper|Pelipper, L50, M, shiny|100/100\n|switch|p1b: Kingambit|Kingambit, L50, F, shiny|100/100\n|switch|p2a: Aerodactyl|Aerodactyl, L50, F|100/100\n|switch|p2b: Basculegion|Basculegion-F, L50, F|100/100\n|-ability|p2a: Aerodactyl|Unnerve\n|-weather|RainDance|[from] ability: Drizzle|[of] p1a: Pelipper\n|turn|1\n|\n|t:|1776537735\n|move|p2b: Basculegion|Muddy Water|p1b: Kingambit|[spread] p1a,p1b\n|-resisted|p1a: Pelipper|1\n|-damage|p1a: Pelipper|50/100\n|-damage|p1b: Kingambit|39/100\n|-unboost|p1a: Pelipper|accuracy|1\n|move|p2a: Aerodactyl|Rock Slide|p1a: Pelipper|[spread] p1a,p1b\n|-supereffective|p1a: Pelipper|1\n|-resisted|p1b: Kingambit|1\n|-damage|p1a: Pelipper|0 fnt\n|-damage|p1b: Kingambit|30/100\n|faint|p1a: Pelipper\n|move|p1b: Kingambit|Kowtow Cleave|p2b: Basculegion\n|-supereffective|p2b: Basculegion|1\n|-damage|p2b: Basculegion|0 fnt\n|faint|p2b: Basculegion\n|\n|-weather|RainDance|[upkeep]\n|upkeep\n|\n|t:|1776537751\n|switch|p2b: Floette|Floette-Eternal, L50, F|100/100\n|switch|p1a: Dragonite|Dragonite, L50, F, shiny|100/100\n|turn|2\n|\n|t:|1776537759\n|switch|p1b: Sinistcha|Sinistcha, L50, shiny|100/100\n|detailschange|p2b: Floette|Floette-Mega, L50, F\n|-mega|p2b: Floette|Floette|Floettite\n|-ability|p2b: Floette|Fairy Aura\n|detailschange|p1a: Dragonite|Dragonite-Mega, L50, F, shiny\n|-mega|p1a: Dragonite|Dragonite|Dragoninite\n|move|p1a: Dragonite|Protect|p1a: Dragonite\n|-singleturn|p1a: Dragonite|Protect\n|move|p2a: Aerodactyl|Tailwind|p2a: Aerodactyl\n|-sidestart|p2: shangenb|move: Tailwind\n|move|p2b: Floette|Dazzling Gleam|p1a: Dragonite|[spread] p1b\n|-activate|p1a: Dragonite|move: Protect\n|-damage|p1b: Sinistcha|55/100\n|\n|-weather|RainDance|[upkeep]\n|upkeep\n|turn|3\n|\n|t:|1776537783\n|switch|p1a: Kingambit|Kingambit, L50, F, shiny|30/100\n|move|p2a: Aerodactyl|Rock Slide|p1a: Kingambit|[spread] p1a,p1b\n|-resisted|p1a: Kingambit|1\n|-damage|p1a: Kingambit|21/100\n|-damage|p1b: Sinistcha|33/100\n|move|p2b: Floette|Dazzling Gleam|p1a: Kingambit|[spread] p1a,p1b\n|-damage|p1a: Kingambit|0 fnt\n|-damage|p1b: Sinistcha|0 fnt\n|faint|p1a: Kingambit\n|faint|p1b: Sinistcha\n|\n|-weather|RainDance|[upkeep]\n|upkeep\n|-message|hjcwhj forfeited.\n|\n|win|shangenb\n|raw|hjcwhj's rating: 1265 &rarr; <strong>1245</strong><br />(-20 for losing)\n|raw|shangenb's rating: 1329 &rarr; <strong>1345</strong><br />(+16 for winning)\n|l|\u2606hjcwhj\n|player|p1|\n",
  "uploadtime": 1776537797,
  "views": 24,
  "formatid": "gen9championsvgc2026regma",
  "rating": 1245,
  "private": 0,
  "password": null
}