{
  "id": "gen9championsvgc2026regma-2587568175",
  "format": "[Gen 9 Champions] VGC 2026 Reg M-A",
  "players": [
    "HawaiiCookieCo",
    "KurokumaKagi"
  ],
  "log": "|j|\u2606HawaiiCookieCo\n|j|\u2606KurokumaKagi\n|t:|1776543001\n|gametype|doubles\n|player|p1|HawaiiCookieCo|swimmer-gen4dp|1133\n|player|p2|KurokumaKagi|2|1075\n|gen|9\n|tier|[Gen 9 Champions] VGC 2026 Reg M-A\n|rated|\n|rule|Species Clause: Limit one of each Pok\u00e9mon\n|rule|Item Clause: Limit 1 of each item\n|clearpoke\n|poke|p1|Delphox, L50, F|\n|poke|p1|Maushold, L50|\n|poke|p1|Tsareena, L50, F|\n|poke|p1|Basculegion, L50, M|\n|poke|p1|Dragonite, L50, M|\n|poke|p1|Tinkaton, L50, F|\n|poke|p2|Skarmory, L50, F|\n|poke|p2|Sneasler, L50, F|\n|poke|p2|Froslass, L50, F|\n|poke|p2|Starmie, L50|\n|poke|p2|Sinistcha, L50|\n|poke|p2|Typhlosion-Hisui, L50, M|\n|teampreview|4\n|inactive|Battle timer is ON: inactive players will automatically lose when time's up. (requested by HawaiiCookieCo)\n|inactive|HawaiiCookieCo has 60 seconds left.\n|\n|t:|1776543039\n|teamsize|p1|4\n|teamsize|p2|4\n|start\n|switch|p1a: Delphox|Delphox, L50, F|100/100\n|switch|p1b: Maushold|Maushold, L50|100/100\n|switch|p2a: Starmie|Starmie, L50|100/100\n|switch|p2b: Typhlosion|Typhlosion-Hisui, L50, M|100/100\n|-item|p1a: Delphox|Delphoxite|[from] ability: Frisk|[of] p2b: Typhlosion\n|-item|p1b: Maushold|Lum Berry|[from] ability: Frisk|[of] p2b: Typhlosion\n|turn|1\n|inactive|HawaiiCookieCo has 30 seconds left.\n|\n|t:|1776543072\n|detailschange|p2a: Starmie|Starmie-Mega, L50\n|-mega|p2a: Starmie|Starmie|Starminite\n|detailschange|p1a: Delphox|Delphox-Mega, L50, F\n|-mega|p1a: Delphox|Delphox|Delphoxite\n|move|p1b: Maushold|Follow Me|p1b: Maushold\n|-singleturn|p1b: Maushold|move: Follow Me\n|move|p1a: Delphox|Psychic|p2b: Typhlosion\n|-damage|p2b: Typhlosion|28/100\n|move|p2a: Starmie|Self-Destruct|p1a: Delphox|[spread] p1a,p1b\n|-immune|p2b: Typhlosion\n|-damage|p1a: Delphox|5/100\n|-damage|p1b: Maushold|17/100\n|faint|p2a: Starmie\n|move|p2b: Typhlosion|Eruption|p1a: Delphox|[spread] p1a,p1b\n|-resisted|p1a: Delphox|1\n|-damage|p1a: Delphox|0 fnt\n|-damage|p1b: Maushold|0 fnt\n|faint|p1a: Delphox\n|faint|p1b: Maushold\n|\n|upkeep\n|inactive|KurokumaKagi has 30 seconds left.\n|\n|t:|1776543099\n|switch|p1a: Basculegion|Basculegion, L50, M|100/100\n|switch|p2a: Froslass|Froslass, L50, F|100/100\n|switch|p1b: Tsareena|Tsareena, L50, F|100/100\n|turn|2\n|inactive|HawaiiCookieCo has 30 seconds left.\n|\n|t:|1776543126\n|move|p2b: Typhlosion|Protect|p2b: Typhlosion\n|-singleturn|p2b: Typhlosion|Protect\n|move|p1a: Basculegion|Last Respects|p2a: Froslass\n|-supereffective|p2a: Froslass|1\n|-damage|p2a: Froslass|0 fnt\n|faint|p2a: Froslass\n|move|p1b: Tsareena|Knock Off|p2b: Typhlosion\n|-activate|p2b: Typhlosion|move: Protect\n|\n|upkeep\n|\n|t:|1776543135\n|switch|p2a: Skarmory|Skarmory, L50, F|100/100\n|turn|3\n|\n|t:|1776543149\n|move|p1a: Basculegion|Last Respects|p2b: Typhlosion\n|-supereffective|p2b: Typhlosion|1\n|-damage|p2b: Typhlosion|0 fnt\n|faint|p2b: Typhlosion\n|move|p1b: Tsareena|Knock Off|p2a: Skarmory\n|-damage|p2a: Skarmory|79/100\n|-ability|p2a: Skarmory|Weak Armor|boost\n|-unboost|p2a: Skarmory|def|1\n|-boost|p2a: Skarmory|spe|2\n|move|p2a: Skarmory|Brave Bird|p1b: Tsareena\n|-supereffective|p1b: Tsareena|1\n|-enditem|p1b: Tsareena|Focus Sash\n|-damage|p1b: Tsareena|1/100\n|-damage|p2a: Skarmory|48/100|[from] Recoil\n|\n|upkeep\n|turn|4\n|\n|t:|1776543169\n|move|p2a: Skarmory|Brave Bird|p1a: Basculegion\n|-damage|p1a: Basculegion|42/100\n|-damage|p2a: Skarmory|23/100|[from] Recoil\n|move|p1a: Basculegion|Last Respects|p2a: Skarmory\n|-damage|p2a: Skarmory|0 fnt\n|faint|p2a: Skarmory\n|\n|win|HawaiiCookieCo\n|raw|HawaiiCookieCo's rating: 1133 &rarr; <strong>1154</strong><br />(+21 for winning)\n|raw|KurokumaKagi's rating: 1075 &rarr; <strong>1057</strong><br />(-18 for losing)\n|l|\u2606KurokumaKagi\n|player|p2|\n",
  "uploadtime": 1776543176,
  "views": 16,
  "formatid": "gen9championsvgc2026regma",
  "rating": 1057,
  "private": 0,
  "password": null
}