{
  "id": "gen9championsvgc2026regma-2581109055",
  "format": "[Gen 9 Champions] VGC 2026 Reg M-A",
  "players": [
    "geets2306",
    "Kiryuri"
  ],
  "log": "|j|\u2606geets2306\n|j|\u2606Kiryuri\n|t:|1775960705\n|gametype|doubles\n|player|p1|geets2306|265|1321\n|player|p2|Kiryuri|acetrainerf|1313\n|gen|9\n|tier|[Gen 9 Champions] VGC 2026 Reg M-A\n|rated|\n|rule|Species Clause: Limit one of each Pok\u00e9mon\n|rule|Item Clause: Limit 1 of each item\n|clearpoke\n|poke|p1|Incineroar, L50, F|\n|poke|p1|Araquanid, L50, F|\n|poke|p1|Sinistcha-Masterpiece, L50|\n|poke|p1|Glimmora, L50, F|\n|poke|p1|Aggron, L50, F|\n|poke|p1|Dragapult, L50, M|\n|poke|p2|Corviknight, L50, F|\n|poke|p2|Gardevoir, L50, F|\n|poke|p2|Garchomp, L50, F|\n|poke|p2|Sinistcha, L50|\n|poke|p2|Dragonite, L50, F|\n|poke|p2|Sneasler, L50, F|\n|teampreview|4\n|inactive|Battle timer is ON: inactive players will automatically lose when time's up. (requested by geets2306)\nKiryuri has agreed to open team sheets.\n|inactive|Kiryuri has 60 seconds left.\n|\n|t:|1775960751\n|teamsize|p1|4\n|teamsize|p2|4\n|start\n|switch|p1a: Dragapult|Dragapult, L50, M|100/100\n|switch|p1b: Aggron|Aggron, L50, F|100/100\n|switch|p2a: Sneasler|Sneasler, L50, F, shiny|100/100\n|switch|p2b: Garchomp|Garchomp, L50, F|100/100\n|turn|1\n|l|\u2606geets2306\n|inactive|geets2306 disconnected and has a minute to reconnect!\n|player|p1|\n|j|\u2606geets2306\n|inactive|geets2306 reconnected and has 45 seconds left.\n|player|p1|geets2306|265|\n|\n|t:|1775960773\n|detailschange|p1b: Aggron|Aggron-Mega, L50, F\n|-mega|p1b: Aggron|Aggron|Aggronite\n|move|p2b: Garchomp|Protect|p2b: Garchomp\n|-singleturn|p2b: Garchomp|Protect\n|move|p1a: Dragapult|Dragon Darts|p2a: Sneasler\n|-crit|p2a: Sneasler\n|-damage|p2a: Sneasler|33/100\n|-anim|p1a: Dragapult|Dragon Darts|p2a: Sneasler\n|-damage|p2a: Sneasler|0 fnt\n|faint|p2a: Sneasler\n|move|p1b: Aggron|Iron Defense|p1b: Aggron\n|-boost|p1b: Aggron|def|2\n|\n|upkeep\n|\n|t:|1775960794\n|switch|p2a: Sinistcha|Sinistcha, L50|100/100\n|turn|2\n|\n|t:|1775960807\n|move|p2a: Sinistcha|Rage Powder|p2a: Sinistcha\n|-singleturn|p2a: Sinistcha|move: Rage Powder\n|move|p1a: Dragapult|Phantom Force||[still]\n|-prepare|p1a: Dragapult|Phantom Force\n|move|p2b: Garchomp|Dragon Claw|p1a: Dragapult|[miss]\n|-miss|p2b: Garchomp|p1a: Dragapult\n|move|p1b: Aggron|Body Press|p2a: Sinistcha\n|-immune|p2a: Sinistcha\n|\n|upkeep\n|turn|3\n|-message|Kiryuri forfeited.\n|\n|win|geets2306\n|raw|geets2306's rating: 1321 &rarr; <strong>1341</strong><br />(+20 for winning)\n|raw|Kiryuri's rating: 1313 &rarr; <strong>1293</strong><br />(-20 for losing)\n|l|\u2606Kiryuri\n|player|p2|\n|l|\u2606geets2306\n|player|p1|\n",
  "uploadtime": 1775960865,
  "views": 35,
  "formatid": "gen9championsvgc2026regma",
  "rating": 1293,
  "private": 0,
  "password": null
}