{
  "id": "gen9championsvgc2026regma-2583175940",
  "format": "[Gen 9 Champions] VGC 2026 Reg M-A",
  "players": [
    "WerterStone",
    "AAAlelele"
  ],
  "log": "|j|\u2606WerterStone\n|j|\u2606AAAlelele\n|t:|1776151211\n|gametype|doubles\n|player|p1|WerterStone|265|1170\n|player|p2|AAAlelele|ninjaboy|1176\n|gen|9\n|tier|[Gen 9 Champions] VGC 2026 Reg M-A\n|rated|\n|rule|Species Clause: Limit one of each Pok\u00e9mon\n|rule|Item Clause: Limit 1 of each item\n|clearpoke\n|poke|p1|Pelipper, L50, F|\n|poke|p1|Basculegion, L50, M|\n|poke|p1|Sinistcha, L50|\n|poke|p1|Archaludon, L50, F|\n|poke|p1|Sneasler, L50, F|\n|poke|p1|Dragonite, L50, M|\n|poke|p2|Lucario, L50, F|\n|poke|p2|Aerodactyl, L50, F|\n|poke|p2|Dragapult, L50, M|\n|poke|p2|Ninetales-Alola, L50, M|\n|poke|p2|Froslass, L50, F|\n|poke|p2|Arcanine-Hisui, L50, M|\n|teampreview|4\nWerterStone rejected open team sheets.\n|inactive|Battle timer is ON: inactive players will automatically lose when time's up. (requested by WerterStone)\n|\n|t:|1776151246\n|teamsize|p1|4\n|teamsize|p2|4\n|start\n|switch|p1a: Archaludon|Archaludon, L50, F, shiny|100/100\n|switch|p1b: Sneasler|Sneasler, L50, F, shiny|100/100\n|switch|p2a: Lucario|Lucario, L50, F, shiny|100/100\n|switch|p2b: Dragapult|Dragapult, L50, M|100/100\n|turn|1\n|inactive|WerterStone has 30 seconds left.\n|inactive|AAAlelele has 30 seconds left.\n|inactive|WerterStone has 20 seconds left.\n|\n|t:|1776151284\n|switch|p2a: Froslass|Froslass, L50, F|100/100\n|move|p1a: Archaludon|Protect|p1a: Archaludon\n|-singleturn|p1a: Archaludon|Protect\n|move|p1b: Sneasler|Fake Out|p2a: Froslass\n|-immune|p2a: Froslass\n|move|p2b: Dragapult|U-turn|p1b: Sneasler\n|-resisted|p1b: Sneasler|2\n|-damage|p1b: Sneasler|91/100\n|\n|t:|1776151295\n|switch|p2b: Ninetales|Ninetales-Alola, L50, M|100/100|[from] U-turn\n|-weather|Snowscape|[from] ability: Snow Warning|[of] p2b: Ninetales\n|\n|-weather|Snowscape|[upkeep]\n|upkeep\n|turn|2\n|inactive|WerterStone has 30 seconds left.\n|inactive|AAAlelele has 30 seconds left.\n|inactive|WerterStone has 20 seconds left.\n|inactive|AAAlelele has 20 seconds left.\n|\n|t:|1776151336\n|switch|p1b: Pelipper|Pelipper, L50, F, shiny|100/100\n|-weather|RainDance|[from] ability: Drizzle|[of] p1b: Pelipper\n|detailschange|p2a: Froslass|Froslass-Mega, L50, F\n|-mega|p2a: Froslass|Froslass|Froslassite\n|-weather|Snowscape|[from] ability: Snow Warning|[of] p2a: Froslass\n|move|p2a: Froslass|Blizzard|p1b: Pelipper|[spread] p1a,p1b\n|-damage|p1a: Archaludon|54/100\n|-damage|p1b: Pelipper|24/100\n|-ability|p1a: Archaludon|Stamina|boost\n|-boost|p1a: Archaludon|def|1\n|move|p2b: Ninetales|Blizzard|p1b: Pelipper|[spread] p1a,p1b\n|-crit|p1a: Archaludon\n|-damage|p1a: Archaludon|9/100\n|-damage|p1b: Pelipper|0 fnt\n|-status|p1a: Archaludon|frz\n|-ability|p1a: Archaludon|Stamina|boost\n|-boost|p1a: Archaludon|def|1\n|faint|p1b: Pelipper\n|-curestatus|p1a: Archaludon|frz|[msg]\n|move|p1a: Archaludon|Electro Shot||[still]\n|-prepare|p1a: Archaludon|Electro Shot\n|-boost|p1a: Archaludon|spa|1\n|\n|-weather|Snowscape|[upkeep]\n|-heal|p1a: Archaludon|15/100|[from] item: Leftovers\n|upkeep\n|\n|t:|1776151348\n|switch|p1b: Sinistcha|Sinistcha, L50, shiny|100/100\n|-heal|p1a: Archaludon|40/100|[from] ability: Hospitality|[of] p1b: Sinistcha\n|turn|3\n|\n|t:|1776151365\n|switch|p1b: Sneasler|Sneasler, L50, F, shiny|91/100\n|move|p2a: Froslass|Blizzard|p1b: Sneasler|[spread] p1a,p1b\n|-crit|p1a: Archaludon\n|-damage|p1a: Archaludon|0 fnt\n|-damage|p1b: Sneasler|34/100\n|faint|p1a: Archaludon\n|move|p2b: Ninetales|Blizzard|p1b: Sneasler\n|-damage|p1b: Sneasler|0 fnt\n|faint|p1b: Sneasler\n|\n|-weather|Snowscape|[upkeep]\n|upkeep\n|-message|WerterStone forfeited.\n|\n|win|AAAlelele\n|raw|WerterStone's rating: 1170 &rarr; <strong>1145</strong><br />(-25 for losing)\n|raw|AAAlelele's rating: 1176 &rarr; <strong>1201</strong><br />(+25 for winning)\n|l|\u2606WerterStone\n|player|p1|\n",
  "uploadtime": 1776151383,
  "views": 15,
  "formatid": "gen9championsvgc2026regma",
  "rating": 1145,
  "private": 0,
  "password": null
}