{
  "id": "gen9championsvgc2026regma-2587808214",
  "format": "[Gen 9 Champions] VGC 2026 Reg M-A",
  "players": [
    "EyYePkm",
    "Togatard"
  ],
  "log": "|j|\u2606EyYePkm\n|j|\u2606Togatard\n|t:|1776566100\n|gametype|doubles\n|player|p1|EyYePkm|265|1000\n|player|p2|Togatard|cyrus|1012\n|gen|9\n|tier|[Gen 9 Champions] VGC 2026 Reg M-A\n|rated|\n|rule|Species Clause: Limit one of each Pok\u00e9mon\n|rule|Item Clause: Limit 1 of each item\n|clearpoke\n|poke|p1|Beedrill, L50, M|\n|poke|p1|Basculegion, L50, M|\n|poke|p1|Pelipper, L50, M|\n|poke|p1|Sneasler, L50, F|\n|poke|p1|Milotic, L50, F|\n|poke|p1|Dragonite, L50, M|\n|poke|p2|Alcremie, L50, F|\n|poke|p2|Lopunny, L50, M|\n|poke|p2|Weavile, L50, M|\n|poke|p2|Talonflame, L50, F|\n|poke|p2|Morpeko, L50, M|\n|poke|p2|Scovillain, L50, M|\n|teampreview|4\n|inactive|Battle timer is ON: inactive players will automatically lose when time's up. (requested by EyYePkm)\n|inactive|EyYePkm has 60 seconds left.\n|inactive|Togatard has 60 seconds left.\n|\n|t:|1776566136\n|teamsize|p1|4\n|teamsize|p2|4\n|start\n|switch|p1a: Beedrill|Beedrill, L50, M|100/100\n|switch|p1b: Sneasler|Sneasler, L50, F|100/100\n|switch|p2a: Morpeko|Morpeko, L50, M|100/100\n|switch|p2b: Alcremie|Alcremie, L50, F|100/100\n|turn|1\n|inactive|Togatard has 30 seconds left.\n|\n|t:|1776566161\n|detailschange|p1a: Beedrill|Beedrill-Mega, L50, M\n|-mega|p1a: Beedrill|Beedrill|Beedrillite\n|move|p1b: Sneasler|Fake Out|p2a: Morpeko\n|-damage|p2a: Morpeko|70/100\n|cant|p2a: Morpeko|flinch\n|move|p1a: Beedrill|Poison Jab|p2b: Alcremie\n|-supereffective|p2b: Alcremie|1\n|-damage|p2b: Alcremie|0 fnt\n|faint|p2b: Alcremie\n|\n|-formechange|p2a: Morpeko|Morpeko-Hangry|\n|upkeep\n|\n|t:|1776566173\n|switch|p2b: Lopunny|Lopunny, L50, M|100/100\n|turn|2\n|\n|t:|1776566188\n|move|p2b: Lopunny|Fake Out|p1b: Sneasler\n|-damage|p1b: Sneasler|71/100\n|move|p1a: Beedrill|Lunge|p2a: Morpeko\n|-supereffective|p2a: Morpeko|1\n|-damage|p2a: Morpeko|0 fnt\n|faint|p2a: Morpeko\n|cant|p1b: Sneasler|flinch\n|\n|upkeep\n|\n|t:|1776566195\n|switch|p2a: Weavile|Weavile, L50, M|100/100\n|turn|3\n|-message|Togatard forfeited.\n|\n|win|EyYePkm\n|raw|EyYePkm's rating: 1000 &rarr; <strong>1041</strong><br />(+41 for winning)\n|raw|Togatard's rating: 1012 &rarr; <strong>1000</strong><br />(-12 for losing)\n|l|\u2606Togatard\n|player|p2|\n",
  "uploadtime": 1776566210,
  "views": 8,
  "formatid": "gen9championsvgc2026regma",
  "rating": 1000,
  "private": 0,
  "password": null
}