{
  "id": "gen9championsvgc2026regma-2581499385",
  "format": "[Gen 9 Champions] VGC 2026 Reg M-A",
  "players": [
    "Tailwind Lobbyist",
    "DavidTIS"
  ],
  "log": "|j|\u2606Tailwind Lobbyist\n|j|\u2606DavidTIS\n|t:|1776006045\n|gametype|doubles\n|player|p1|Tailwind Lobbyist|clerkf|1082\n|player|p2|DavidTIS|volkner|1040\n|gen|9\n|tier|[Gen 9 Champions] VGC 2026 Reg M-A\n|rated|\n|rule|Species Clause: Limit one of each Pok\u00e9mon\n|rule|Item Clause: Limit 1 of each item\n|clearpoke\n|poke|p1|Lucario, L50, M|\n|poke|p1|Incineroar, L50, F|\n|poke|p1|Aerodactyl, L50, M|\n|poke|p1|Garchomp, L50, M|\n|poke|p1|Farigiraf, L50, F|\n|poke|p1|Sylveon, L50, M|\n|poke|p2|Garganacl, L50, F|\n|poke|p2|Mimikyu, L50, M|\n|poke|p2|Chimecho, L50, F|\n|poke|p2|Avalugg, L50, M|\n|poke|p2|Slowbro, L50, M|\n|poke|p2|Lucario, L50, F|\n|teampreview|4\n|inactive|Battle timer is ON: inactive players will automatically lose when time's up. (requested by DavidTIS)\nTailwind Lobbyist has agreed to open team sheets.\n|inactive|DavidTIS has 60 seconds left.\n|inactive|Tailwind Lobbyist has 60 seconds left.\n|inactive|DavidTIS has 30 seconds left.\n|\n|t:|1776006113\n|teamsize|p1|4\n|teamsize|p2|4\n|start\n|switch|p1a: Incineroar|Incineroar, L50, F|100/100\n|switch|p1b: Sylveon|Sylveon, L50, M, shiny|100/100\n|switch|p2a: Garganacl|Garganacl, L50, F|100/100\n|switch|p2b: Mimikyu|Mimikyu, L50, M|100/100\n|-ability|p1a: Incineroar|Intimidate|boost\n|-fail|p2a: Garganacl|unboost|[from] ability: Clear Body|[of] p2a: Garganacl\n|-unboost|p2b: Mimikyu|atk|1\n|turn|1\n|inactive|Tailwind Lobbyist has 30 seconds left.\n|\n|t:|1776006138\n|move|p1a: Incineroar|Throat Chop|p2b: Mimikyu\n|-activate|p2b: Mimikyu|ability: Disguise\n|-damage|p2b: Mimikyu|100/100\n|-start|p2b: Mimikyu|Throat Chop|[silent]\n|detailschange|p2b: Mimikyu|Mimikyu-Busted, L50, M\n|-damage|p2b: Mimikyu|88/100|[from] pokemon: Mimikyu-Busted\n|move|p1b: Sylveon|Hyper Voice|p2a: Garganacl|[spread] p2a,p2b\n|-damage|p2a: Garganacl|47/100\n|-damage|p2b: Mimikyu|41/100\n|-enditem|p2b: Mimikyu|Sitrus Berry|[eat]\n|-heal|p2b: Mimikyu|66/100|[from] item: Sitrus Berry\n|move|p2a: Garganacl|Rock Slide|p1a: Incineroar|[spread] p1a,p1b\n|-supereffective|p1a: Incineroar|1\n|-damage|p1a: Incineroar|61/100\n|-damage|p1b: Sylveon|70/100\n|move|p2b: Mimikyu|Trick Room|p2b: Mimikyu\n|-fieldstart|move: Trick Room|[of] p2b: Mimikyu\n|\n|upkeep\n|turn|2\n|inactive|Tailwind Lobbyist has 30 seconds left.\n|inactive|DavidTIS has 30 seconds left.\n|-activate|p2a: Garganacl|item: Quick Claw\n|\n|t:|1776006166\n|switch|p2b: Chimecho|Chimecho, L50, F|100/100\n|move|p2a: Garganacl|Body Press|p1a: Incineroar\n|-supereffective|p1a: Incineroar|1\n|-damage|p1a: Incineroar|7/100\n|-enditem|p1a: Incineroar|Sitrus Berry|[eat]\n|-heal|p1a: Incineroar|32/100|[from] item: Sitrus Berry\n|move|p1b: Sylveon|Hyper Voice|p2b: Chimecho|[spread] p2a,p2b\n|-crit|p2a: Garganacl\n|-damage|p2a: Garganacl|0 fnt\n|-damage|p2b: Chimecho|40/100\n|faint|p2a: Garganacl\n|move|p1a: Incineroar|Parting Shot|p2b: Chimecho\n|-unboost|p2b: Chimecho|atk|1\n|-unboost|p2b: Chimecho|spa|1\n|inactive|Tailwind Lobbyist has 30 seconds left.\n|\n|t:|1776006199\n|switch|p1a: Farigiraf|Farigiraf, L50, F|100/100|[from] Parting Shot\n|\n|upkeep\n|\n|t:|1776006212\n|switch|p2a: Lucario|Lucario, L50, F|100/100\n|turn|3\n|\n|t:|1776006234\n|detailschange|p2b: Chimecho|Chimecho-Mega, L50, F\n|-mega|p2b: Chimecho|Chimecho|Chimechite\n|move|p1a: Farigiraf|Helping Hand|p1b: Sylveon\n|-singleturn|p1b: Sylveon|Helping Hand|[of] p1a: Farigiraf\n|move|p2a: Lucario|Bullet Punch||[still]\n|cant|p1a: Farigiraf|ability: Armor Tail|Bullet Punch|[of] p2a: Lucario\n|move|p1b: Sylveon|Hyper Voice|p2a: Lucario|[spread] p2a,p2b\n|-resisted|p2b: Chimecho|1\n|-enditem|p2a: Lucario|Focus Sash\n|-damage|p2a: Lucario|1/100\n|-damage|p2b: Chimecho|8/100\n|move|p2b: Chimecho|Flash Cannon|p1b: Sylveon\n|-supereffective|p1b: Sylveon|1\n|-damage|p1b: Sylveon|26/100\n|\n|upkeep\n|turn|4\n|inactive|Tailwind Lobbyist has 30 seconds left.\n|inactive|Tailwind Lobbyist has 20 seconds left.\n|\n|t:|1776006272\n|move|p1a: Farigiraf|Helping Hand|p1b: Sylveon\n|-singleturn|p1b: Sylveon|Helping Hand|[of] p1a: Farigiraf\n|move|p1b: Sylveon|Hyper Voice|p2a: Lucario|[spread] p2a,p2b\n|-resisted|p2b: Chimecho|1\n|-damage|p2a: Lucario|0 fnt\n|-damage|p2b: Chimecho|0 fnt\n|faint|p2a: Lucario\n|faint|p2b: Chimecho\n|\n|upkeep\n|-message|DavidTIS forfeited.\n|\n|win|Tailwind Lobbyist\n|raw|Tailwind Lobbyist's rating: 1082 &rarr; <strong>1106</strong><br />(+24 for winning)\n|raw|DavidTIS's rating: 1040 &rarr; <strong>1026</strong><br />(-14 for losing)\n",
  "uploadtime": 1776006287,
  "views": 17,
  "formatid": "gen9championsvgc2026regma",
  "rating": 1026,
  "private": 0,
  "password": null
}