{
  "id": "gen9championsvgc2026regma-2587581508",
  "format": "[Gen 9 Champions] VGC 2026 Reg M-A",
  "players": [
    "IronCrow14",
    "Isidino"
  ],
  "log": "|j|\u2606IronCrow14\n|j|\u203dIsidino\n|t:|1776544170\n|gametype|doubles\n|player|p1|IronCrow14|1|1140\n|player|p2|Isidino|266|1218\n|gen|9\n|tier|[Gen 9 Champions] VGC 2026 Reg M-A\n|rated|\n|rule|Species Clause: Limit one of each Pok\u00e9mon\n|rule|Item Clause: Limit 1 of each item\n|clearpoke\n|poke|p1|Skarmory, L50, F|\n|poke|p1|Meganium, L50, F|\n|poke|p1|Politoed, L50, F|\n|poke|p1|Kingambit, L50, F|\n|poke|p1|Basculegion, L50, M|\n|poke|p1|Incineroar, L50, F|\n|poke|p2|Pelipper, L50, M|\n|poke|p2|Basculegion-F, L50, F, shiny|\n|poke|p2|Starmie, L50, shiny|\n|poke|p2|Sneasler, L50, M|\n|poke|p2|Sableye, L50, M, shiny|\n|poke|p2|Volcarona, L50, F, shiny|\n|teampreview|4\n|inactive|Battle timer is ON: inactive players will automatically lose when time's up. (requested by Isidino)\nIronCrow14 rejected open team sheets.\n|inactive|Isidino has 60 seconds left.\n|\n|t:|1776544205\n|teamsize|p1|4\n|teamsize|p2|4\n|start\n|switch|p1a: Meganium|Meganium, L50, F|100/100\n|switch|p1b: Incineroar|Incineroar, L50, F|100/100\n|switch|p2a: Volcarona|Volcarona, L50, F, shiny|100/100\n|switch|p2b: Basculegion|Basculegion-F, L50, F, shiny|100/100\n|-ability|p1b: Incineroar|Intimidate|boost\n|-unboost|p2a: Volcarona|atk|1\n|-unboost|p2b: Basculegion|atk|1\n|turn|1\n|inactive|IronCrow14 has 30 seconds left.\n|\n|t:|1776544238\n|switch|p2a: Pelipper|Pelipper, L50, M|100/100\n|-weather|RainDance|[from] ability: Drizzle|[of] p2a: Pelipper\n|detailschange|p1a: Meganium|Meganium-Mega, L50, F\n|-mega|p1a: Meganium|Meganium|Meganiumite\n|move|p1b: Incineroar|Fake Out|p2a: Pelipper\n|-damage|p2a: Pelipper|83/100\n|move|p2b: Basculegion|Muddy Water|p1b: Incineroar|[spread] p1a,p1b\n|-resisted|p1a: Meganium|1\n|-supereffective|p1b: Incineroar|1\n|-damage|p1a: Meganium|74/100\n|-damage|p1b: Incineroar|8/100\n|-unboost|p1b: Incineroar|accuracy|1\n|-enditem|p1b: Incineroar|Sitrus Berry|[eat]\n|-heal|p1b: Incineroar|33/100|[from] item: Sitrus Berry\n|move|p1a: Meganium|Solar Beam||[still]\n|-prepare|p1a: Meganium|Solar Beam\n|-activate|p1a: Meganium|ability: Mega Sol\n|-anim|p1a: Meganium|Solar Beam|p2b: Basculegion\n|-supereffective|p2b: Basculegion|1\n|-damage|p2b: Basculegion|0 fnt\n|faint|p2b: Basculegion\n|\n|-weather|RainDance|[upkeep]\n|upkeep\n|\n|t:|1776544261\n|switch|p2b: Sneasler|Sneasler, L50, M|100/100\n|turn|2\n|\n|t:|1776544276\n|move|p1a: Meganium|Protect|p1a: Meganium\n|-singleturn|p1a: Meganium|Protect\n|move|p2b: Sneasler|Dire Claw|p1a: Meganium\n|-activate|p1a: Meganium|move: Protect\n|move|p2a: Pelipper|Weather Ball|p1b: Incineroar\n|-supereffective|p1b: Incineroar|1\n|-damage|p1b: Incineroar|0 fnt\n|faint|p1b: Incineroar\n|\n|-weather|RainDance|[upkeep]\n|upkeep\n|\n|t:|1776544284\n|switch|p1b: Basculegion|Basculegion, L50, M|100/100\n|turn|3\n|\n|t:|1776544294\n|switch|p2b: Volcarona|Volcarona, L50, F, shiny|100/100\n|move|p1b: Basculegion|Wave Crash|p2b: Volcarona\n|-supereffective|p2b: Volcarona|1\n|-damage|p2b: Volcarona|0 fnt\n|-status|p1b: Basculegion|brn|[from] ability: Flame Body|[of] p2b: Volcarona\n|faint|p2b: Volcarona\n|-damage|p1b: Basculegion|69/100 brn|[from] Recoil\n|move|p1a: Meganium|Solar Beam||[still]\n|-prepare|p1a: Meganium|Solar Beam\n|-activate|p1a: Meganium|ability: Mega Sol\n|-anim|p1a: Meganium|Solar Beam|p2a: Pelipper\n|-damage|p2a: Pelipper|0 fnt\n|faint|p2a: Pelipper\n|\n|-weather|RainDance|[upkeep]\n|-damage|p1b: Basculegion|62/100 brn|[from] brn\n|upkeep\n|\n|t:|1776544308\n|switch|p2b: Sneasler|Sneasler, L50, M|100/100\n|turn|4\n|\n|t:|1776544316\n|move|p1a: Meganium|Protect|p1a: Meganium\n|-singleturn|p1a: Meganium|Protect\n|move|p1b: Basculegion|Wave Crash|p2b: Sneasler\n|-damage|p2b: Sneasler|0 fnt\n|faint|p2b: Sneasler\n|-damage|p1b: Basculegion|37/100 brn|[from] Recoil\n|\n|win|IronCrow14\n|raw|IronCrow14's rating: 1140 &rarr; <strong>1171</strong><br />(+31 for winning)\n|raw|Isidino's rating: 1218 &rarr; <strong>1187</strong><br />(-31 for losing)\n",
  "uploadtime": 1776544318,
  "views": 17,
  "formatid": "gen9championsvgc2026regma",
  "rating": 1171,
  "private": 0,
  "password": null
}