{
  "id": "gen9championsvgc2026regma-2588615027",
  "format": "[Gen 9 Champions] VGC 2026 Reg M-A",
  "players": [
    "MaxiSilv",
    "digbadmani"
  ],
  "log": "|j|\u2606MaxiSilv\n|j|\u2606digbadmani\n|t:|1776650311\n|gametype|doubles\n|player|p1|MaxiSilv|2|1144\n|player|p2|digbadmani|169|1108\n|gen|9\n|tier|[Gen 9 Champions] VGC 2026 Reg M-A\n|rated|\n|rule|Species Clause: Limit one of each Pok\u00e9mon\n|rule|Item Clause: Limit 1 of each item\n|clearpoke\n|poke|p1|Floette-Eternal, L50, F|\n|poke|p1|Sinistcha, L50|\n|poke|p1|Aerodactyl, L50, M|\n|poke|p1|Garchomp, L50, M|\n|poke|p1|Incineroar, L50, M|\n|poke|p1|Rotom-Wash, L50|\n|poke|p2|Volcarona, L50, M|\n|poke|p2|Palafin, L50, M|\n|poke|p2|Incineroar, L50, F|\n|poke|p2|Sinistcha-Masterpiece, L50|\n|poke|p2|Gyarados, L50, M|\n|poke|p2|Rotom-Mow, L50|\n|teampreview|4\nMaxiSilv has agreed to open team sheets.\n|\n|t:|1776650349\n|teamsize|p1|4\n|teamsize|p2|4\n|start\n|switch|p1a: Incineroar|Incineroar, L50, M|100/100\n|switch|p1b: Floette|Floette-Eternal, L50, F|100/100\n|switch|p2a: Palafin|Palafin, L50, M|100/100\n|switch|p2b: Gyarados|Gyarados, L50, M|100/100\n|-ability|p2b: Gyarados|Intimidate|boost\n|-unboost|p1a: Incineroar|atk|1\n|-unboost|p1b: Floette|atk|1\n|-ability|p1a: Incineroar|Intimidate|boost\n|-unboost|p2a: Palafin|atk|1\n|-unboost|p2b: Gyarados|atk|1\n|turn|1\n|\n|t:|1776650376\n|detailschange|p2a: Palafin|Palafin-Hero, L50, M\n|switch|p2a: Rotom|Rotom-Mow, L50|100/100\n|switch|p1a: Rotom|Rotom-Wash, L50|100/100\n|detailschange|p1b: Floette|Floette-Mega, L50, F\n|-mega|p1b: Floette|Floette|Floettite\n|-ability|p1b: Floette|Fairy Aura\n|move|p2b: Gyarados|Protect|p2b: Gyarados\n|-singleturn|p2b: Gyarados|Protect\n|move|p1b: Floette|Calm Mind|p1b: Floette\n|-boost|p1b: Floette|spa|1\n|-boost|p1b: Floette|spd|1\n|\n|upkeep\n|turn|2\n|\n|t:|1776650425\n|switch|p1a: Incineroar|Incineroar, L50, M|100/100\n|-ability|p1a: Incineroar|Intimidate|boost\n|-unboost|p2a: Rotom|atk|1\n|-unboost|p2b: Gyarados|atk|1\n|switch|p2b: Sinistcha|Sinistcha-Masterpiece, L50|100/100\n|move|p2a: Rotom|Trick||[still]\n|-fail|p2a: Rotom\n|move|p1b: Floette|Calm Mind|p1b: Floette\n|-boost|p1b: Floette|spa|1\n|-boost|p1b: Floette|spd|1\n|\n|upkeep\n|turn|3\n|-message|digbadmani forfeited.\n|\n|win|MaxiSilv\n|raw|MaxiSilv's rating: 1144 &rarr; <strong>1166</strong><br />(+22 for winning)\n|raw|digbadmani's rating: 1108 &rarr; <strong>1086</strong><br />(-22 for losing)\n|l|\u2606digbadmani\n|player|p2|\n|c|\u2606MaxiSilv|gg\n",
  "uploadtime": 1776650440,
  "views": 9,
  "formatid": "gen9championsvgc2026regma",
  "rating": 1086,
  "private": 0,
  "password": null
}