{
  "id": "gen9championsvgc2026regma-2585524859",
  "format": "[Gen 9 Champions] VGC 2026 Reg M-A",
  "players": [
    "noahtdiditfirst",
    "25th_mang"
  ],
  "log": "|j|\u2606noahtdiditfirst\n|j|\u260625th_mang\n|t:|1776353312\n|gametype|doubles\n|player|p1|noahtdiditfirst|marshal|1235\n|player|p2|25th_mang|ballguy|1244\n|gen|9\n|tier|[Gen 9 Champions] VGC 2026 Reg M-A\n|rated|\n|rule|Species Clause: Limit one of each Pok\u00e9mon\n|rule|Item Clause: Limit 1 of each item\n|clearpoke\n|poke|p1|Archaludon, L50, F|\n|poke|p1|Incineroar, L50, F|\n|poke|p1|Manectric, L50, F|\n|poke|p1|Tsareena, L50, F|\n|poke|p1|Pelipper, L50, F|\n|poke|p1|Chandelure, L50, M|\n|poke|p2|Crabominable, L50, M|\n|poke|p2|Farigiraf, L50, M|\n|poke|p2|Incineroar, L50, M|\n|poke|p2|Archaludon, L50, M|\n|poke|p2|Pelipper, L50, F|\n|poke|p2|Sinistcha, L50|\n|teampreview|4\n|inactive|Battle timer is ON: inactive players will automatically lose when time's up. (requested by 25th_mang)\n|inactive|noahtdiditfirst has 60 seconds left.\n|inactive|25th_mang has 60 seconds left.\n|\n|t:|1776353352\n|teamsize|p1|4\n|teamsize|p2|4\n|start\n|switch|p1a: Archaludon|Archaludon, L50, F, shiny|100/100\n|switch|p1b: Manectric|Manectric, L50, F, shiny|100/100\n|switch|p2a: Flip|Farigiraf, L50, M|100/100\n|switch|p2b: Hockey Reference|Crabominable, L50, M|100/100\n|turn|1\n|\n|t:|1776353374\n|detailschange|p1b: Manectric|Manectric-Mega, L50, F, shiny\n|-mega|p1b: Manectric|Manectric|Manectite\n|-ability|p1b: Manectric|Intimidate|boost\n|-unboost|p2a: Flip|atk|1\n|-fail|p2b: Hockey Reference|unboost|Attack|[from] ability: Hyper Cutter|[of] p2b: Hockey Reference\n|move|p2b: Hockey Reference|Protect|p2b: Hockey Reference\n|-singleturn|p2b: Hockey Reference|Protect\n|move|p1b: Manectric|Thunderbolt|p2a: Flip\n|-damage|p2a: Flip|58/100\n|move|p1a: Archaludon|Draco Meteor|p2a: Flip\n|-damage|p2a: Flip|2/100\n|-unboost|p1a: Archaludon|spa|2\n|-enditem|p1a: Archaludon|White Herb\n|-clearnegativeboost|p1a: Archaludon|[silent]\n|move|p2a: Flip|Trick Room|p2a: Flip\n|-fieldstart|move: Trick Room|[of] p2a: Flip\n|\n|upkeep\n|turn|2\n|inactive|noahtdiditfirst has 30 seconds left.\n|inactive|25th_mang has 30 seconds left.\n|\n|t:|1776353408\n|detailschange|p2b: Hockey Reference|Crabominable-Mega, L50, M\n|-mega|p2b: Hockey Reference|Crabominable|Crabominite\n|move|p2a: Flip|Helping Hand|p2b: Hockey Reference\n|-singleturn|p2b: Hockey Reference|Helping Hand|[of] p2a: Flip\n|move|p1a: Archaludon|Protect|p1a: Archaludon\n|-singleturn|p1a: Archaludon|Protect\n|move|p2b: Hockey Reference|Ice Hammer|p1b: Manectric|[miss]\n|-miss|p2b: Hockey Reference|p1b: Manectric\n|move|p1b: Manectric|Volt Switch|p2a: Flip\n|-damage|p2a: Flip|0 fnt\n|faint|p2a: Flip\n|\n|t:|1776353425\n|switch|p1b: Chandelure|Chandelure, L50, M, shiny|100/100|[from] Volt Switch\n|\n|upkeep\n|\n|t:|1776353431\n|switch|p2a: Stup!b|Pelipper, L50, F|100/100\n|-weather|RainDance|[from] ability: Drizzle|[of] p2a: Stup!b\n|turn|3\n|inactive|noahtdiditfirst has 30 seconds left.\n|\n|t:|1776353460\n|move|p2b: Hockey Reference|Drain Punch|p1a: Archaludon\n|-supereffective|p1a: Archaludon|1\n|-damage|p1a: Archaludon|23/100\n|-ability|p1a: Archaludon|Stamina|boost\n|-boost|p1a: Archaludon|def|1\n|move|p2a: Stup!b|Weather Ball|p1a: Archaludon\n|-resisted|p1a: Archaludon|1\n|-damage|p1a: Archaludon|0 fnt\n|faint|p1a: Archaludon\n|move|p1b: Chandelure|Heat Wave|p2a: Stup!b|[spread] p2a\n|-miss|p1b: Chandelure|p2b: Hockey Reference\n|-resisted|p2a: Stup!b|1\n|-damage|p2a: Stup!b|86/100\n|-status|p2a: Stup!b|brn\n|\n|-weather|RainDance|[upkeep]\n|-damage|p2a: Stup!b|80/100 brn|[from] brn\n|upkeep\n|\n|t:|1776353473\n|switch|p1a: Pelipper|Pelipper, L50, F, shiny|100/100\n|turn|4\n|-message|noahtdiditfirst forfeited.\n|\n|win|25th_mang\n|raw|noahtdiditfirst's rating: 1235 &rarr; <strong>1211</strong><br />(-24 for losing)\n|raw|25th_mang's rating: 1244 &rarr; <strong>1268</strong><br />(+24 for winning)\n|l|\u2606noahtdiditfirst\n|player|p1|\n",
  "uploadtime": 1776353494,
  "views": 28,
  "formatid": "gen9championsvgc2026regma",
  "rating": 1211,
  "private": 0,
  "password": null
}