{
  "id": "gen9championsvgc2026regma-2583309079",
  "format": "[Gen 9 Champions] VGC 2026 Reg M-A",
  "players": [
    "the great crusader",
    "IdealFish"
  ],
  "log": "|j|\u2606the great crusader\n|j|\u2606IdealFish\n|t:|1776165542\n|gametype|doubles\n|player|p1|the great crusader|plasmagrunt|1278\n|player|p2|IdealFish|n|1275\n|gen|9\n|tier|[Gen 9 Champions] VGC 2026 Reg M-A\n|rated|\n|rule|Species Clause: Limit one of each Pok\u00e9mon\n|rule|Item Clause: Limit 1 of each item\n|clearpoke\n|poke|p1|Aerodactyl, L50, F|\n|poke|p1|Tyranitar, L50, F|\n|poke|p1|Sinistcha, L50|\n|poke|p1|Garchomp, L50, F|\n|poke|p1|Arcanine-Hisui, L50, M|\n|poke|p1|Milotic, L50, F|\n|poke|p2|Floette-Eternal, L50, F|\n|poke|p2|Aerodactyl, L50, M|\n|poke|p2|Incineroar, L50, M|\n|poke|p2|Garchomp, L50, M|\n|poke|p2|Charizard, L50, M|\n|poke|p2|Venusaur, L50, F|\n|teampreview|4\n|inactive|Battle timer is ON: inactive players will automatically lose when time's up. (requested by the great crusader)\n|\n|t:|1776165600\n|teamsize|p1|4\n|teamsize|p2|4\n|start\n|switch|p1a: Aerodactyl|Aerodactyl, L50, F|100/100\n|switch|p1b: Milotic|Milotic, L50, F|100/100\n|switch|p2a: Floette|Floette-Eternal, L50, F|100/100\n|switch|p2b: Incineroar|Incineroar, L50, M|100/100\n|-ability|p1a: Aerodactyl|Unnerve\n|-ability|p2b: Incineroar|Intimidate|boost\n|-unboost|p1a: Aerodactyl|atk|1\n|-unboost|p1b: Milotic|atk|1\n|-ability|p1b: Milotic|Competitive|boost\n|-boost|p1b: Milotic|spa|2\n|turn|1\n|inactive|IdealFish has 30 seconds left.\n|\n|t:|1776165629\n|detailschange|p2a: Floette|Floette-Mega, L50, F\n|-mega|p2a: Floette|Floette|Floettite\n|-ability|p2a: Floette|Fairy Aura\n|move|p1a: Aerodactyl|Protect|p1a: Aerodactyl\n|-singleturn|p1a: Aerodactyl|Protect\n|move|p2b: Incineroar|Fake Out|p1a: Aerodactyl\n|-activate|p1a: Aerodactyl|move: Protect\n|move|p2a: Floette|Dazzling Gleam|p1a: Aerodactyl|[spread] p1b\n|-activate|p1a: Aerodactyl|move: Protect\n|-damage|p1b: Milotic|63/100\n|move|p1b: Milotic|Scald|p2b: Incineroar\n|-supereffective|p2b: Incineroar|1\n|-damage|p2b: Incineroar|0 fnt\n|faint|p2b: Incineroar\n|\n|-heal|p1b: Milotic|69/100|[from] item: Leftovers\n|upkeep\n|-message|IdealFish forfeited.\n|\n|win|the great crusader\n|raw|the great crusader's rating: 1278 &rarr; <strong>1303</strong><br />(+25 for winning)\n|raw|IdealFish's rating: 1275 &rarr; <strong>1250</strong><br />(-25 for losing)\n|l|\u2606IdealFish\n|player|p2|\n",
  "uploadtime": 1776165651,
  "views": 40,
  "formatid": "gen9championsvgc2026regma",
  "rating": 1250,
  "private": 0,
  "password": null
}