{
  "id": "gen9championsvgc2026regma-2582924801",
  "format": "[Gen 9 Champions] VGC 2026 Reg M-A",
  "players": [
    "ward225",
    "loklastaji"
  ],
  "log": "|j|\u2606ward225\n|j|\u2606loklastaji\n|t:|1776125471\n|gametype|doubles\n|player|p1|ward225|102|1125\n|player|p2|loklastaji|102|1208\n|gen|9\n|tier|[Gen 9 Champions] VGC 2026 Reg M-A\n|rated|\n|rule|Species Clause: Limit one of each Pok\u00e9mon\n|rule|Item Clause: Limit 1 of each item\n|clearpoke\n|poke|p1|Tyranitar, L50, M|\n|poke|p1|Sinistcha, L50|\n|poke|p1|Incineroar, L50, F|\n|poke|p1|Garchomp, L50, F|\n|poke|p1|Corviknight, L50, F|\n|poke|p1|Milotic, L50, F|\n|poke|p2|Samurott-Hisui, L50, M|\n|poke|p2|Mamoswine, L50, M|\n|poke|p2|Delphox, L50, F|\n|poke|p2|Tsareena, L50, F|\n|poke|p2|Corviknight, L50, F|\n|poke|p2|Altaria, L50, M|\n|teampreview|4\nward225 has agreed to open team sheets.\n|\n|t:|1776125513\n|teamsize|p1|4\n|teamsize|p2|4\n|start\n|switch|p1a: Tyranitar|Tyranitar, L50, M|100/100\n|switch|p1b: Incineroar|Incineroar, L50, F|100/100\n|switch|p2a: Tsareena|Tsareena, L50, F|100/100\n|switch|p2b: Mamoswine|Mamoswine, L50, M|100/100\n|-weather|Sandstorm|[from] ability: Sand Stream|[of] p1a: Tyranitar\n|turn|1\n|\n|t:|1776125557\n|detailschange|p1a: Tyranitar|Tyranitar-Mega, L50, M\n|-mega|p1a: Tyranitar|Tyranitar|Tyranitarite\n|move|p2a: Tsareena|Protect|p2a: Tsareena\n|-singleturn|p2a: Tsareena|Protect\n|move|p1b: Incineroar|Fake Out||[still]\n|cant|p2a: Tsareena|ability: Queenly Majesty|Fake Out|[of] p1b: Incineroar\n|move|p2b: Mamoswine|Hard Press|p1a: Tyranitar\n|-supereffective|p1a: Tyranitar|1\n|-damage|p1a: Tyranitar|46/100\n|move|p1a: Tyranitar|Dragon Dance|p1a: Tyranitar\n|-boost|p1a: Tyranitar|atk|1\n|-boost|p1a: Tyranitar|spe|1\n|\n|-weather|Sandstorm|[upkeep]\n|-damage|p2a: Tsareena|94/100|[from] Sandstorm\n|-damage|p1b: Incineroar|95/100|[from] Sandstorm\n|upkeep\n|turn|2\n|\n|t:|1776125596\n|move|p1a: Tyranitar|Protect|p1a: Tyranitar\n|-singleturn|p1a: Tyranitar|Protect\n|move|p2b: Mamoswine|Hard Press|p1a: Tyranitar\n|-activate|p1a: Tyranitar|move: Protect\n|move|p2a: Tsareena|High Jump Kick|p1b: Incineroar\n|-supereffective|p1b: Incineroar|1\n|-enditem|p1b: Incineroar|Chople Berry|[eat]\n|-enditem|p1b: Incineroar|Chople Berry|[weaken]\n|-damage|p1b: Incineroar|50/100\n|move|p1b: Incineroar|Parting Shot|p2b: Mamoswine\n|-unboost|p2b: Mamoswine|atk|1\n|-unboost|p2b: Mamoswine|spa|1\n|\n|t:|1776125607\n|switch|p1b: Sinistcha|Sinistcha, L50|100/100|[from] Parting Shot\n|-heal|p1a: Tyranitar|71/100|[from] ability: Hospitality|[of] p1b: Sinistcha\n|\n|-weather|Sandstorm|[upkeep]\n|-damage|p2a: Tsareena|88/100|[from] Sandstorm\n|-damage|p1b: Sinistcha|94/100|[from] Sandstorm\n|upkeep\n|turn|3\n|\n|t:|1776125631\n|switch|p2b: Altaria|Altaria, L50, M|100/100\n|-ability|p2b: Altaria|Cloud Nine\n|move|p1b: Sinistcha|Rage Powder|p1b: Sinistcha\n|-singleturn|p1b: Sinistcha|move: Rage Powder\n|move|p1a: Tyranitar|Dragon Dance|p1a: Tyranitar\n|-boost|p1a: Tyranitar|atk|1\n|-boost|p1a: Tyranitar|spe|1\n|move|p2a: Tsareena|High Jump Kick|p1a: Tyranitar\n|-supereffective|p1a: Tyranitar|2\n|-damage|p1a: Tyranitar|0 fnt\n|faint|p1a: Tyranitar\n|\n|-weather|Sandstorm|[upkeep]\n|upkeep\n|-message|ward225 forfeited.\n|\n|win|loklastaji\n|raw|ward225's rating: 1125 &rarr; <strong>1106</strong><br />(-19 for losing)\n|raw|loklastaji's rating: 1208 &rarr; <strong>1227</strong><br />(+19 for winning)\n|l|\u2606ward225\n|player|p1|\n",
  "uploadtime": 1776125663,
  "views": 13,
  "formatid": "gen9championsvgc2026regma",
  "rating": 1106,
  "private": 0,
  "password": null
}