{
  "id": "gen9championsvgc2026regma-2586644745",
  "format": "[Gen 9 Champions] VGC 2026 Reg M-A",
  "players": [
    "Gahandi",
    "mrchris21"
  ],
  "log": "|j|\u2606Gahandi\n|j|\u2606mrchris21\n|t:|1776449050\n|gametype|doubles\n|player|p1|Gahandi|170|1010\n|player|p2|mrchris21|ethan|1000\n|gen|9\n|tier|[Gen 9 Champions] VGC 2026 Reg M-A\n|rated|\n|rule|Species Clause: Limit one of each Pok\u00e9mon\n|rule|Item Clause: Limit 1 of each item\n|clearpoke\n|poke|p1|Drampa, L50, F|\n|poke|p1|Pelipper, L50, M|\n|poke|p1|Raichu, L50, M|\n|poke|p1|Garganacl, L50, M|\n|poke|p1|Goodra-Hisui, L50, F|\n|poke|p1|Sylveon, L50, F|\n|poke|p2|Jolteon, L50, F|\n|poke|p2|Manectric, L50, F|\n|poke|p2|Froslass, L50, F|\n|poke|p2|Milotic, L50, F|\n|poke|p2|Slowking-Galar, L50, M|\n|poke|p2|Glimmora, L50, F|\n|teampreview|4\n|inactive|Battle timer is ON: inactive players will automatically lose when time's up. (requested by mrchris21)\n|\n|t:|1776449072\n|teamsize|p1|4\n|teamsize|p2|4\n|start\n|switch|p1a: Drampa|Drampa, L50, F|100/100\n|switch|p1b: Garganacl|Garganacl, L50, M|100/100\n|switch|p2a: Jolteon|Jolteon, L50, F|100/100\n|switch|p2b: Manectric|Manectric, L50, F|100/100\n|turn|1\n|inactive|mrchris21 has 30 seconds left.\n|\n|t:|1776449101\n|detailschange|p1a: Drampa|Drampa-Mega, L50, F\n|-mega|p1a: Drampa|Drampa|Drampanite\n|move|p1b: Garganacl|Wide Guard|p1b: Garganacl\n|-singleturn|p1b: Garganacl|Wide Guard\n|move|p2a: Jolteon|Discharge|p1a: Drampa|[spread] \n|-activate|p1a: Drampa|move: Wide Guard\n|-activate|p1b: Garganacl|move: Wide Guard\n|-ability|p2b: Manectric|Lightning Rod|boost\n|-boost|p2b: Manectric|spa|1\n|move|p2b: Manectric|Discharge|p1b: Garganacl|[spread] \n|-activate|p1a: Drampa|move: Wide Guard\n|-activate|p1b: Garganacl|move: Wide Guard\n|-immune|p2a: Jolteon|[from] ability: Volt Absorb\n|move|p1a: Drampa|Blizzard|p2a: Jolteon|[spread] p2a,p2b\n|-crit|p2b: Manectric\n|-damage|p2a: Jolteon|50/100\n|-damage|p2b: Manectric|0 fnt\n|faint|p2b: Manectric\n|\n|upkeep\n|\n|t:|1776449113\n|switch|p2b: Slowking|Slowking-Galar, L50, M|100/100\n|-clearboost|p2a: Jolteon|[from] ability: Curious Medicine|[of] p2b: Slowking\n|turn|2\n|inactive|Gahandi has 30 seconds left.\n|inactive|Gahandi has 20 seconds left.\n|\n|t:|1776449150\n|move|p2a: Jolteon|Thunderbolt|p1a: Drampa\n|-resisted|p1a: Drampa|1\n|-damage|p1a: Drampa|77/100\n|move|p1a: Drampa|Blizzard|p2a: Jolteon|[spread] p2a\n|-miss|p1a: Drampa|p2b: Slowking\n|-damage|p2a: Jolteon|4/100\n|-prepare|p2b: Slowking|Chilly Reception|[premajor]\n|move|p2b: Slowking|Chilly Reception|p2b: Slowking\n|-weather|Snowscape\n|\n|t:|1776449161\n|switch|p2b: Glimmora|Glimmora, L50, F|100/100|[from] Chilly Reception\n|move|p1b: Garganacl|Rock Slide|p2b: Glimmora|[spread] p2a,p2b\n|-damage|p2a: Jolteon|0 fnt\n|-damage|p2b: Glimmora|70/100\n|-activate|p2b: Glimmora|ability: Toxic Debris\n|-sidestart|p1: Gahandi|move: Toxic Spikes\n|faint|p2a: Jolteon\n|\n|-weather|Snowscape|[upkeep]\n|upkeep\n|\n|t:|1776449166\n|switch|p2a: Slowking|Slowking-Galar, L50, M|100/100\n|-clearboost|p2b: Glimmora|[from] ability: Curious Medicine|[of] p2a: Slowking\n|turn|3\n|\n|t:|1776449184\n|move|p1b: Garganacl|Wide Guard|p1b: Garganacl\n|-singleturn|p1b: Garganacl|Wide Guard\n|move|p2b: Glimmora|Stealth Rock|p1a: Drampa\n|-sidestart|p1: Gahandi|move: Stealth Rock\n|move|p1a: Drampa|Dragon Pulse|p2b: Glimmora\n|-damage|p2b: Glimmora|22/100\n|-enditem|p2b: Glimmora|Sitrus Berry|[eat]\n|-heal|p2b: Glimmora|47/100|[from] item: Sitrus Berry\n|move|p2a: Slowking|Blizzard|p1b: Garganacl|[spread] \n|-activate|p1a: Drampa|move: Wide Guard\n|-activate|p1b: Garganacl|move: Wide Guard\n|\n|-weather|Snowscape|[upkeep]\n|upkeep\n|turn|4\n|-message|mrchris21 forfeited.\n|\n|win|Gahandi\n|raw|Gahandi's rating: 1010 &rarr; <strong>1047</strong><br />(+37 for winning)\n|raw|mrchris21's rating: 1000 &rarr; <strong>1000</strong><br />(+0 for losing)\n|l|\u2606mrchris21\n|player|p2|\n",
  "uploadtime": 1776449201,
  "views": 31,
  "formatid": "gen9championsvgc2026regma",
  "rating": 1000,
  "private": 0,
  "password": null
}