{
  "id": "gen9championsvgc2026regma-2582427481",
  "format": "[Gen 9 Champions] VGC 2026 Reg M-A",
  "players": [
    "Novicebest",
    "Bog Monster"
  ],
  "log": "|j|\u2606Novicebest\n|j|\u2606Bog Monster\n|t:|1776090998\n|gametype|doubles\n|player|p1|Novicebest|dawn|1311\n|player|p2|Bog Monster|169|1297\n|gen|9\n|tier|[Gen 9 Champions] VGC 2026 Reg M-A\n|rated|\n|rule|Species Clause: Limit one of each Pok\u00e9mon\n|rule|Item Clause: Limit 1 of each item\n|clearpoke\n|poke|p1|Charizard, L50, M|\n|poke|p1|Whimsicott, L50, F|\n|poke|p1|Farigiraf, L50, F|\n|poke|p1|Sneasler, L50, M|\n|poke|p1|Rotom-Wash, L50|\n|poke|p1|Incineroar, L50, M|\n|poke|p2|Scizor, L50, F|\n|poke|p2|Sinistcha-Masterpiece, L50|\n|poke|p2|Alcremie, L50, F|\n|poke|p2|Farigiraf, L50, M|\n|poke|p2|Drampa, L50, F|\n|poke|p2|Kingambit, L50, M|\n|teampreview|4\n|inactive|Battle timer is ON: inactive players will automatically lose when time's up. (requested by Novicebest)\n|inactive|Bog Monster has 60 seconds left.\n|\n|t:|1776091055\n|teamsize|p1|4\n|teamsize|p2|4\n|start\n|switch|p1a: Sneasler|Sneasler, L50, M|100/100\n|switch|p1b: Charizard|Charizard, L50, M|100/100\n|switch|p2a: Alcremie|Alcremie, L50, F|100/100\n|switch|p2b: Drampa|Drampa, L50, F|100/100\n|turn|1\n|\n|t:|1776091075\n|detailschange|p1b: Charizard|Charizard-Mega-Y, L50, M\n|-mega|p1b: Charizard|Charizard|Charizardite Y\n|-weather|SunnyDay|[from] ability: Drought|[of] p1b: Charizard\n|move|p2b: Drampa|Protect|p2b: Drampa\n|-singleturn|p2b: Drampa|Protect\n|move|p1a: Sneasler|Close Combat|p2b: Drampa\n|-activate|p2b: Drampa|move: Protect\n|move|p1b: Charizard|Heat Wave|p2b: Drampa|[spread] p2a\n|-activate|p2b: Drampa|move: Protect\n|-damage|p2a: Alcremie|48/100\n|move|p2a: Alcremie|Light Screen|p2a: Alcremie\n|-sidestart|p2: Bog Monster|move: Light Screen\n|\n|-weather|SunnyDay|[upkeep]\n|upkeep\n|turn|2\n|\n|t:|1776091096\n|detailschange|p2b: Drampa|Drampa-Mega, L50, F\n|-mega|p2b: Drampa|Drampa|Drampanite\n|move|p1a: Sneasler|Close Combat|p2b: Drampa\n|-supereffective|p2b: Drampa|1\n|-damage|p2b: Drampa|0 fnt\n|-unboost|p1a: Sneasler|def|1\n|-unboost|p1a: Sneasler|spd|1\n|faint|p2b: Drampa\n|-enditem|p1a: Sneasler|White Herb\n|-clearnegativeboost|p1a: Sneasler|[silent]\n|move|p1b: Charizard|Heat Wave|p2a: Alcremie\n|-damage|p2a: Alcremie|2/100\n|move|p2a: Alcremie|Dazzling Gleam|p1a: Sneasler|[spread] p1a,p1b\n|-resisted|p1b: Charizard|1\n|-damage|p1a: Sneasler|70/100\n|-damage|p1b: Charizard|91/100\n|\n|-weather|SunnyDay|[upkeep]\n|upkeep\n|\n|t:|1776091100\n|switch|p2b: Farigiraf|Farigiraf, L50, M|100/100\n|turn|3\n|\n|t:|1776091119\n|move|p2a: Alcremie|Protect|p2a: Alcremie\n|-singleturn|p2a: Alcremie|Protect\n|move|p1a: Sneasler|Close Combat|p2b: Farigiraf\n|-damage|p2b: Farigiraf|29/100\n|-unboost|p1a: Sneasler|def|1\n|-unboost|p1a: Sneasler|spd|1\n|move|p1b: Charizard|Heat Wave|p2a: Alcremie|[spread] p2b\n|-activate|p2a: Alcremie|move: Protect\n|-damage|p2b: Farigiraf|0 fnt\n|faint|p2b: Farigiraf\n|\n|-weather|SunnyDay|[upkeep]\n|upkeep\n|\n|t:|1776091124\n|switch|p2b: Sinistcha|Sinistcha-Masterpiece, L50|100/100\n|-heal|p2a: Alcremie|27/100|[from] ability: Hospitality|[of] p2b: Sinistcha\n|turn|4\n|-message|Bog Monster forfeited.\n|\n|win|Novicebest\n|raw|Novicebest's rating: 1311 &rarr; <strong>1330</strong><br />(+19 for winning)\n|raw|Bog Monster's rating: 1297 &rarr; <strong>1273</strong><br />(-24 for losing)\n|l|\u2606Bog Monster\n|player|p2|\n",
  "uploadtime": 1776091138,
  "views": 19,
  "formatid": "gen9championsvgc2026regma",
  "rating": 1273,
  "private": 0,
  "password": null
}