{
  "id": "gen9championsvgc2026regma-2586986388",
  "format": "[Gen 9 Champions] VGC 2026 Reg M-A",
  "players": [
    "o biscoito",
    "sword1211"
  ],
  "log": "|j|\u2606o biscoito\n|j|\u2606sword1211\n|t:|1776478468\n|gametype|doubles\n|player|p1|o biscoito|lance|1000\n|player|p2|sword1211|265|1040\n|gen|9\n|tier|[Gen 9 Champions] VGC 2026 Reg M-A\n|rated|\n|rule|Species Clause: Limit one of each Pok\u00e9mon\n|rule|Item Clause: Limit 1 of each item\n|clearpoke\n|poke|p1|Beedrill, L50, F|\n|poke|p1|Gengar, L50, M|\n|poke|p1|Archaludon, L50, F|\n|poke|p1|Pelipper, L50, F|\n|poke|p1|Typhlosion, L50, M|\n|poke|p1|Charizard, L50, M|\n|poke|p2|Basculegion, L50, M|\n|poke|p2|Garchomp, L50, F|\n|poke|p2|Pelipper, L50, M|\n|poke|p2|Archaludon, L50, M|\n|poke|p2|Feraligatr, L50, F|\n|poke|p2|Sneasler, L50, F|\n|teampreview|4\n|inactive|Battle timer is ON: inactive players will automatically lose when time's up. (requested by o biscoito)\n|c|\u2606o biscoito|Hello\n|inactive|sword1211 has 60 seconds left.\n|c|\u2606o biscoito|Hello?\n|\n|t:|1776478541\n|teamsize|p1|4\n|teamsize|p2|4\n|start\n|switch|p1a: Archaludon|Archaludon, L50, F|100/100\n|switch|p1b: Beedrill|Beedrill, L50, F|100/100\n|switch|p2a: Pelipper|Pelipper, L50, M|100/100\n|switch|p2b: Garchomp|Garchomp, L50, F|100/100\n|-weather|RainDance|[from] ability: Drizzle|[of] p2a: Pelipper\n|turn|1\n|inactive|o biscoito has 30 seconds left.\n|inactive|sword1211 has 30 seconds left.\n|inactive|sword1211 has 20 seconds left.\n|inactive|sword1211 has 15 seconds left.\n|inactive|sword1211 has 10 seconds left.\n|inactive|sword1211 has 5 seconds left.\n|\n|t:|1776478591\n|move|p1b: Beedrill|Protect|p1b: Beedrill\n|-singleturn|p1b: Beedrill|Protect\n|move|p2a: Pelipper|Protect|p2a: Pelipper\n|-singleturn|p2a: Pelipper|Protect\n|move|p2b: Garchomp|Stomping Tantrum|p1a: Archaludon\n|-supereffective|p1a: Archaludon|1\n|-damage|p1a: Archaludon|39/100\n|-ability|p1a: Archaludon|Stamina|boost\n|-boost|p1a: Archaludon|def|1\n|move|p1a: Archaludon|Draco Meteor|p2b: Garchomp\n|-supereffective|p2b: Garchomp|1\n|-damage|p2b: Garchomp|0 fnt\n|-unboost|p1a: Archaludon|spa|2\n|faint|p2b: Garchomp\n|\n|-weather|RainDance|[upkeep]\n|-heal|p1a: Archaludon|45/100|[from] item: Leftovers\n|upkeep\n|inactive|sword1211 has 30 seconds left.\n|\n|t:|1776478618\n|switch|p2b: Feraligatr|Feraligatr, L50, F|100/100\n|turn|2\n|\n|t:|1776478636\n|switch|p1b: Gengar|Gengar, L50, M|100/100\n|move|p1a: Archaludon|Electro Shot||[still]\n|-prepare|p1a: Archaludon|Electro Shot\n|-boost|p1a: Archaludon|spa|1\n|-anim|p1a: Archaludon|Electro Shot|p2a: Pelipper\n|-supereffective|p2a: Pelipper|2\n|-crit|p2a: Pelipper\n|-damage|p2a: Pelipper|0 fnt\n|faint|p2a: Pelipper\n|move|p2b: Feraligatr|Liquidation|p1b: Gengar\n|-damage|p1b: Gengar|0 fnt\n|faint|p1b: Gengar\n|\n|-weather|RainDance|[upkeep]\n|-heal|p1a: Archaludon|51/100|[from] item: Leftovers\n|upkeep\n|\n|t:|1776478653\n|switch|p1b: Beedrill|Beedrill, L50, F|100/100\n|switch|p2a: Archaludon|Archaludon, L50, M|100/100\n|turn|3\n|inactive|sword1211 has 30 seconds left.\n|inactive|sword1211 has 20 seconds left.\n|\n|t:|1776478691\n|detailschange|p1b: Beedrill|Beedrill-Mega, L50, F\n|-mega|p1b: Beedrill|Beedrill|Beedrillite\n|move|p1b: Beedrill|Drill Run|p2a: Archaludon\n|-supereffective|p2a: Archaludon|1\n|-crit|p2a: Archaludon\n|-damage|p2a: Archaludon|20/100\n|-ability|p2a: Archaludon|Stamina|boost\n|-boost|p2a: Archaludon|def|1\n|move|p1a: Archaludon|Electro Shot||[still]\n|-prepare|p1a: Archaludon|Electro Shot\n|-boost|p1a: Archaludon|spa|1\n|-anim|p1a: Archaludon|Electro Shot|p2b: Feraligatr\n|-supereffective|p2b: Feraligatr|1\n|-crit|p2b: Feraligatr\n|-damage|p2b: Feraligatr|0 fnt\n|faint|p2b: Feraligatr\n|move|p2a: Archaludon|Draco Meteor|p1a: Archaludon\n|-damage|p1a: Archaludon|0 fnt\n|-unboost|p2a: Archaludon|spa|2\n|faint|p1a: Archaludon\n|\n|-weather|RainDance|[upkeep]\n|-heal|p2a: Archaludon|27/100|[from] item: Leftovers\n|upkeep\n|\n|t:|1776478712\n|switch|p1a: Pelipper|Pelipper, L50, F|100/100\n|turn|4\n|\n|t:|1776478727\n|move|p1b: Beedrill|Drill Run|p2a: Archaludon\n|-supereffective|p2a: Archaludon|1\n|-damage|p2a: Archaludon|0 fnt\n|faint|p2a: Archaludon\n|\n|win|o biscoito\n|raw|o biscoito's rating: 1000 &rarr; <strong>1045</strong><br />(+45 for winning)\n|raw|sword1211's rating: 1040 &rarr; <strong>1022</strong><br />(-18 for losing)\n|l|\u2606sword1211\n|player|p2|\n",
  "uploadtime": 1776478763,
  "views": 18,
  "formatid": "gen9championsvgc2026regma",
  "rating": 1022,
  "private": 0,
  "password": null
}