{
  "id": "gen9championsvgc2026regma-2587880931",
  "format": "[Gen 9 Champions] VGC 2026 Reg M-A",
  "players": [
    "PlagueOfMinds",
    "SilverVT"
  ],
  "log": "|j|\u2606PlagueOfMinds\n|j|\u2606SilverVT\n|t:|1776574035\n|gametype|doubles\n|player|p1|PlagueOfMinds|265|1436\n|player|p2|SilverVT|silver-masters|1544\n|gen|9\n|tier|[Gen 9 Champions] VGC 2026 Reg M-A\n|rated|\n|rule|Species Clause: Limit one of each Pok\u00e9mon\n|rule|Item Clause: Limit 1 of each item\n|clearpoke\n|poke|p1|Oranguru, L50, F|\n|poke|p1|Torkoal, L50, M|\n|poke|p1|Sylveon, L50, F|\n|poke|p1|Feraligatr, L50, M|\n|poke|p1|Sinistcha, L50|\n|poke|p1|Glimmora, L50, F|\n|poke|p2|Whimsicott, L50, F|\n|poke|p2|Gardevoir, L50, F|\n|poke|p2|Garchomp, L50, M|\n|poke|p2|Incineroar, L50, F|\n|poke|p2|Sneasler, L50, M|\n|poke|p2|Farigiraf, L50, F|\n|teampreview|4\n|inactive|Battle timer is ON: inactive players will automatically lose when time's up. (requested by SilverVT)\n|\n|t:|1776574057\n|teamsize|p1|4\n|teamsize|p2|4\n|start\n|switch|p1a: Sylveon|Sylveon, L50, F|100/100\n|switch|p1b: Oranguru|Oranguru, L50, F|100/100\n|switch|p2a: Incineroar|Incineroar, L50, F|100/100\n|switch|p2b: Gardevoir|Gardevoir, L50, F|100/100\n|-ability|p2b: Gardevoir|Pixilate|Trace|[from] ability: Trace|[of] p1a: Sylveon\n|-ability|p2a: Incineroar|Intimidate|boost\n|-unboost|p1a: Sylveon|atk|1\n|-fail|p1b: Oranguru|unboost|Attack|[from] ability: Inner Focus|[of] p1b: Oranguru\n|turn|1\n|\n|t:|1776574064\n|detailschange|p2b: Gardevoir|Gardevoir-Mega, L50, F\n|-mega|p2b: Gardevoir|Gardevoir|Gardevoirite\n|move|p2b: Gardevoir|Hyper Voice|p1b: Oranguru|[spread] p1a,p1b\n|-damage|p1a: Sylveon|60/100\n|-damage|p1b: Oranguru|57/100\n|move|p2a: Incineroar|Throat Chop|p1b: Oranguru\n|-supereffective|p1b: Oranguru|1\n|-damage|p1b: Oranguru|0 fnt\n|faint|p1b: Oranguru\n|move|p1a: Sylveon|Hyper Voice|p2a: Incineroar|[spread] p2a,p2b\n|-damage|p2a: Incineroar|56/100\n|-damage|p2b: Gardevoir|59/100\n|\n|-heal|p2a: Incineroar|62/100|[from] item: Leftovers\n|upkeep\n|\n|t:|1776574076\n|switch|p1b: Torkoal|Torkoal, L50, M|100/100\n|-weather|SunnyDay|[from] ability: Drought|[of] p1b: Torkoal\n|turn|2\n|\n|t:|1776574084\n|move|p2b: Gardevoir|Expanding Force|p1b: Torkoal\n|-crit|p1b: Torkoal\n|-damage|p1b: Torkoal|0 fnt\n|faint|p1b: Torkoal\n|move|p2a: Incineroar|Throat Chop|p1a: Sylveon\n|-resisted|p1a: Sylveon|1\n|-damage|p1a: Sylveon|37/100\n|-start|p1a: Sylveon|Throat Chop|[silent]\n|cant|p1a: Sylveon|move: Throat Chop\n|\n|-weather|SunnyDay|[upkeep]\n|-heal|p2a: Incineroar|68/100|[from] item: Leftovers\n|upkeep\n|\n|t:|1776574089\n|switch|p1b: Feraligatr|Feraligatr, L50, M|100/100\n|turn|3\n|-message|PlagueOfMinds forfeited.\n|\n|win|SilverVT\n|raw|PlagueOfMinds's rating: 1436 &rarr; <strong>1422</strong><br />(-14 for losing)\n|raw|SilverVT's rating: 1544 &rarr; <strong>1558</strong><br />(+14 for winning)\n|l|\u2606PlagueOfMinds\n|player|p1|\n|l|\u2606SilverVT\n|player|p2|\n",
  "uploadtime": 1776574167,
  "views": 18,
  "formatid": "gen9championsvgc2026regma",
  "rating": 1422,
  "private": 0,
  "password": null
}