{
  "id": "gen9championsvgc2026regma-2583837561",
  "format": "[Gen 9 Champions] VGC 2026 Reg M-A",
  "players": [
    "Mrbeast2022",
    "fizixes"
  ],
  "log": "|j|\u2606Mrbeast2022\n|j|\u2606fizixes\n|t:|1776201598\n|gametype|doubles\n|player|p1|Mrbeast2022|emmet|1132\n|player|p2|fizixes|102|1190\n|gen|9\n|tier|[Gen 9 Champions] VGC 2026 Reg M-A\n|rated|\n|rule|Species Clause: Limit one of each Pok\u00e9mon\n|rule|Item Clause: Limit 1 of each item\n|clearpoke\n|poke|p1|Meganium, L50, F|\n|poke|p1|Aerodactyl, L50, F|\n|poke|p1|Palafin, L50, M|\n|poke|p1|Typhlosion-Hisui, L50, F|\n|poke|p1|Skarmory, L50, M|\n|poke|p1|Milotic, L50, F|\n|poke|p2|Weavile, L50, M|\n|poke|p2|Lucario, L50, M|\n|poke|p2|Quaquaval, L50, M|\n|poke|p2|Meganium, L50, M|\n|poke|p2|Gengar, L50, F|\n|poke|p2|Kleavor, L50, M|\n|teampreview|4\n|inactive|Battle timer is ON: inactive players will automatically lose when time's up. (requested by fizixes)\n|\n|t:|1776201625\n|teamsize|p1|4\n|teamsize|p2|4\n|start\n|switch|p1a: Meganium|Meganium, L50, F|100/100\n|switch|p1b: Aerodactyl|Aerodactyl, L50, F|100/100\n|switch|p2a: Kleavor|Kleavor, L50, M|100/100\n|switch|p2b: Weavile|Weavile, L50, M|100/100\n|-ability|p1b: Aerodactyl|Unnerve\n|-ability|p2b: Weavile|Pressure\n|turn|1\n|\n|t:|1776201645\n|detailschange|p1a: Meganium|Meganium-Mega, L50, F\n|-mega|p1a: Meganium|Meganium|Meganiumite\n|move|p1b: Aerodactyl|Protect|p1b: Aerodactyl\n|-singleturn|p1b: Aerodactyl|Protect\n|move|p1a: Meganium|Protect|p1a: Meganium\n|-singleturn|p1a: Meganium|Protect\n|move|p2b: Weavile|Triple Axel|p1a: Meganium\n|-activate|p1a: Meganium|move: Protect\n|move|p2a: Kleavor|Stone Axe|p1b: Aerodactyl\n|-activate|p1b: Aerodactyl|move: Protect\n|\n|upkeep\n|turn|2\n|\n|t:|1776201661\n|move|p1b: Aerodactyl|Tailwind|p1b: Aerodactyl\n|-sidestart|p1: Mrbeast2022|move: Tailwind\n|move|p1a: Meganium|Weather Ball|p2b: Weavile\n|-supereffective|p2b: Weavile|1\n|-enditem|p2b: Weavile|Focus Sash\n|-damage|p2b: Weavile|1/100\n|move|p2b: Weavile|Triple Axel|p1a: Meganium|[miss]\n|-miss|p2b: Weavile|p1a: Meganium\n|move|p2a: Kleavor|Stone Axe|p1b: Aerodactyl|[miss]\n|-miss|p2a: Kleavor|p1b: Aerodactyl\n|\n|upkeep\n|turn|3\n|c|\u2606fizixes|gg\n|c|\u2606fizixes|thanks brother\n|-message|fizixes forfeited.\n|\n|win|Mrbeast2022\n|raw|Mrbeast2022's rating: 1132 &rarr; <strong>1161</strong><br />(+29 for winning)\n|raw|fizixes's rating: 1190 &rarr; <strong>1161</strong><br />(-29 for losing)\n|c|\u2606Mrbeast2022|oof\n|l|\u2606fizixes\n|player|p2|\n|j|\u2606fizixes\n|player|p2|fizixes|102|\n",
  "uploadtime": 1776201683,
  "views": 21,
  "formatid": "gen9championsvgc2026regma",
  "rating": 1161,
  "private": 0,
  "password": null
}