{
  "id": "gen9championsvgc2026regma-2589408909",
  "format": "[Gen 9 Champions] VGC 2026 Reg M-A",
  "players": [
    "omarosman",
    "NathanaelW19"
  ],
  "log": "|j|\u2606omarosman\n|j|\u2606NathanaelW19\n|t:|1776720548\n|gametype|doubles\n|player|p1|omarosman|101|1111\n|player|p2|NathanaelW19|dragontamer|1146\n|gen|9\n|tier|[Gen 9 Champions] VGC 2026 Reg M-A\n|rated|\n|rule|Species Clause: Limit one of each Pok\u00e9mon\n|rule|Item Clause: Limit 1 of each item\n|clearpoke\n|poke|p1|Archaludon, L50, M|\n|poke|p1|Meganium, L50, F|\n|poke|p1|Aerodactyl, L50, F|\n|poke|p1|Typhlosion-Hisui, L50, F|\n|poke|p1|Tauros-Paldea-Aqua, L50, M|\n|poke|p1|Kangaskhan, L50, F|\n|poke|p2|Floette-Eternal, L50, F|\n|poke|p2|Glimmora, L50, M|\n|poke|p2|Talonflame, L50, M|\n|poke|p2|Tauros-Paldea-Aqua, L50, M|\n|poke|p2|Tsareena, L50, F|\n|poke|p2|Kingambit, L50, M|\n|teampreview|4\n|inactive|Battle timer is ON: inactive players will automatically lose when time's up. (requested by NathanaelW19)\n|inactive|NathanaelW19 has 60 seconds left.\n|inactive|NathanaelW19 has 30 seconds left.\n|\n|t:|1776720609\n|teamsize|p1|4\n|teamsize|p2|4\n|start\n|switch|p1a: Aerodactyl|Aerodactyl, L50, F|100/100\n|switch|p1b: Tauros|Tauros-Paldea-Aqua, L50, M|100/100\n|switch|p2a: Talonflame|Talonflame, L50, M|100/100\n|switch|p2b: Tsareena|Tsareena, L50, F|100/100\n|-ability|p1a: Aerodactyl|Unnerve\n|-ability|p1b: Tauros|Intimidate|boost\n|-unboost|p2a: Talonflame|atk|1\n|-unboost|p2b: Tsareena|atk|1\n|turn|1\n|\n|t:|1776720624\n|move|p1b: Tauros|Protect|p1b: Tauros\n|-singleturn|p1b: Tauros|Protect\n|move|p2a: Talonflame|Tailwind|p2a: Talonflame\n|-sidestart|p2: NathanaelW19|move: Tailwind\n|move|p2b: Tsareena|Taunt|p1a: Aerodactyl\n|-start|p1a: Aerodactyl|move: Taunt\n|cant|p1a: Aerodactyl|move: Taunt|Tailwind\n|\n|upkeep\n|turn|2\n|inactive|omarosman has 30 seconds left.\n|\n|t:|1776720650\n|switch|p1b: Kangaskhan|Kangaskhan, L50, F|100/100\n|move|p2a: Talonflame|Will-O-Wisp|p1b: Kangaskhan\n|-status|p1b: Kangaskhan|brn\n|move|p2b: Tsareena|Trop Kick|p1b: Kangaskhan\n|-damage|p1b: Kangaskhan|72/100 brn\n|-unboost|p1b: Kangaskhan|atk|1\n|move|p1a: Aerodactyl|Rock Slide|p2b: Tsareena|[spread] p2a\n|-miss|p1a: Aerodactyl|p2b: Tsareena\n|-supereffective|p2a: Talonflame|2\n|-damage|p2a: Talonflame|0 fnt\n|faint|p2a: Talonflame\n|\n|-damage|p1b: Kangaskhan|66/100 brn|[from] brn\n|upkeep\n|\n|t:|1776720665\n|switch|p2a: Tauros|Tauros-Paldea-Aqua, L50, M|100/100\n|-ability|p2a: Tauros|Intimidate|boost\n|-unboost|p1a: Aerodactyl|atk|1\n|-fail|p1b: Kangaskhan|unboost|Attack|[from] ability: Inner Focus|[of] p1b: Kangaskhan\n|turn|3\n|inactive|omarosman has 30 seconds left.\n|\n|t:|1776720691\n|detailschange|p1b: Kangaskhan|Kangaskhan-Mega, L50, F\n|-mega|p1b: Kangaskhan|Kangaskhan|Kangaskhanite\n|move|p1b: Kangaskhan|Fake Out||[still]\n|cant|p2b: Tsareena|ability: Queenly Majesty|Fake Out|[of] p1b: Kangaskhan\n|move|p2a: Tauros|Wave Crash|p1a: Aerodactyl\n|-supereffective|p1a: Aerodactyl|1\n|-enditem|p1a: Aerodactyl|Focus Sash\n|-damage|p1a: Aerodactyl|1/100\n|-damage|p2a: Tauros|68/100|[from] Recoil\n|move|p2b: Tsareena|Trop Kick|p1a: Aerodactyl\n|-damage|p1a: Aerodactyl|0 fnt\n|faint|p1a: Aerodactyl\n|\n|-damage|p1b: Kangaskhan|60/100 brn|[from] brn\n|upkeep\n|-message|omarosman forfeited.\n|\n|win|NathanaelW19\n|raw|omarosman's rating: 1111 &rarr; <strong>1089</strong><br />(-22 for losing)\n|raw|NathanaelW19's rating: 1146 &rarr; <strong>1168</strong><br />(+22 for winning)\n|l|\u2606omarosman\n|player|p1|\n",
  "uploadtime": 1776720707,
  "views": 5,
  "formatid": "gen9championsvgc2026regma",
  "rating": 1089,
  "private": 0,
  "password": null
}