{
  "id": "gen9championsvgc2026regma-2588309419",
  "format": "[Gen 9 Champions] VGC 2026 Reg M-A",
  "players": [
    "aranvali",
    "MirageTroupe"
  ],
  "log": "|j|\u2606aranvali\n|j|\u2606MirageTroupe\n|t:|1776622945\n|gametype|doubles\n|player|p1|aranvali|gentleman-gen4|1078\n|player|p2|MirageTroupe|ingo|1032\n|gen|9\n|tier|[Gen 9 Champions] VGC 2026 Reg M-A\n|rated|\n|rule|Species Clause: Limit one of each Pok\u00e9mon\n|rule|Item Clause: Limit 1 of each item\n|clearpoke\n|poke|p1|Sableye, L50, F, shiny|\n|poke|p1|Meganium, L50, F, shiny|\n|poke|p1|Basculegion, L50, M, shiny|\n|poke|p1|Pelipper, L50, F, shiny|\n|poke|p1|Archaludon, L50, F, shiny|\n|poke|p1|Kangaskhan, L50, F, shiny|\n|poke|p2|Glimmora, L50, F|\n|poke|p2|Weavile, L50, M|\n|poke|p2|Gyarados, L50, M, shiny|\n|poke|p2|Garchomp, L50, M|\n|poke|p2|Whimsicott, L50, F|\n|poke|p2|Scizor, L50, M|\n|teampreview|4\n|\n|t:|1776622981\n|teamsize|p1|4\n|teamsize|p2|4\n|start\n|switch|p1a: Sableye|Sableye, L50, F, shiny|100/100\n|switch|p1b: Basculegion|Basculegion, L50, M, shiny|100/100\n|switch|p2a: Glimmora|Glimmora, L50, F|100/100\n|switch|p2b: Scizor|Scizor, L50, M|100/100\n|turn|1\n|\n|t:|1776623018\n|detailschange|p2a: Glimmora|Glimmora-Mega, L50, F\n|-mega|p2a: Glimmora|Glimmora|Glimmoranite\n|move|p2b: Scizor|Helping Hand|p2a: Glimmora\n|-singleturn|p2a: Glimmora|Helping Hand|[of] p2b: Scizor\n|move|p1a: Sableye|Fake Out|p2b: Scizor\n|-resisted|p2b: Scizor|1\n|-damage|p2b: Scizor|97/100\n|move|p1b: Basculegion|Wave Crash|p2a: Glimmora\n|-supereffective|p2a: Glimmora|1\n|-damage|p2a: Glimmora|0 fnt\n|faint|p2a: Glimmora\n|-damage|p1b: Basculegion|74/100|[from] Recoil\n|\n|upkeep\n|-message|MirageTroupe forfeited.\n|\n|win|aranvali\n|raw|aranvali's rating: 1078 &rarr; <strong>1103</strong><br />(+25 for winning)\n|raw|MirageTroupe's rating: 1032 &rarr; <strong>1019</strong><br />(-13 for losing)\n|l|\u2606MirageTroupe\n|player|p2|\n",
  "uploadtime": 1776623036,
  "views": 15,
  "formatid": "gen9championsvgc2026regma",
  "rating": 1019,
  "private": 0,
  "password": null
}