{
  "id": "gen9championsvgc2026regma-2588694694",
  "format": "[Gen 9 Champions] VGC 2026 Reg M-A",
  "players": [
    "Snipado",
    "shakky121"
  ],
  "log": "|j|\u2606Snipado\n|j|\u2606shakky121\n|t:|1776658644\n|gametype|doubles\n|player|p1|Snipado|hiker-gen4|1123\n|player|p2|shakky121|266|1074\n|gen|9\n|tier|[Gen 9 Champions] VGC 2026 Reg M-A\n|rated|\n|rule|Species Clause: Limit one of each Pok\u00e9mon\n|rule|Item Clause: Limit 1 of each item\n|clearpoke\n|poke|p1|Gardevoir, L50, M, shiny|\n|poke|p1|Garchomp, L50, F|\n|poke|p1|Kingambit, L50, F|\n|poke|p1|Basculegion, L50, M|\n|poke|p1|Maushold-Four, L50|\n|poke|p1|Talonflame, L50, F|\n|poke|p2|Incineroar, L50, F|\n|poke|p2|Sneasler, L50, M|\n|poke|p2|Kangaskhan, L50, F|\n|poke|p2|Primarina, L50, M|\n|poke|p2|Corviknight, L50, F|\n|poke|p2|Kommo-o, L50, M|\n|teampreview|4\n|\n|t:|1776658695\n|teamsize|p1|4\n|teamsize|p2|4\n|start\n|switch|p1a: Talonflame|Talonflame, L50, F|100/100\n|switch|p1b: Kingambit|Kingambit, L50, F|100/100\n|switch|p2a: Kangaskhan|Kangaskhan, L50, F|100/100\n|switch|p2b: Corviknight|Corviknight, L50, F|100/100\n|turn|1\n|\n|t:|1776658714\n|detailschange|p2a: Kangaskhan|Kangaskhan-Mega, L50, F\n|-mega|p2a: Kangaskhan|Kangaskhan|Kangaskhanite\n|move|p2a: Kangaskhan|Fake Out|p1a: Talonflame\n|-damage|p1a: Talonflame|74/100\n|-damage|p1a: Talonflame|68/100\n|-hitcount|p1a: Talonflame|2\n|cant|p1a: Talonflame|flinch\n|move|p2b: Corviknight|Tailwind|p2b: Corviknight\n|-sidestart|p2: shakky121|move: Tailwind\n|move|p1b: Kingambit|Kowtow Cleave|p2b: Corviknight\n|-damage|p2b: Corviknight|67/100\n|\n|upkeep\n|turn|2\n|\n|t:|1776658742\n|switch|p1b: Garchomp|Garchomp, L50, F|100/100\n|move|p2a: Kangaskhan|Drain Punch|p1b: Garchomp\n|-damage|p1b: Garchomp|75/100\n|-damage|p2a: Kangaskhan|88/100|[from] ability: Rough Skin|[of] p1b: Garchomp\n|-damage|p1b: Garchomp|69/100\n|-heal|p2a: Kangaskhan|92/100|[from] drain|[of] p1b: Garchomp\n|-damage|p2a: Kangaskhan|80/100|[from] ability: Rough Skin|[of] p1b: Garchomp\n|-hitcount|p1b: Garchomp|2\n|move|p1a: Talonflame|Tailwind|p1a: Talonflame\n|-sidestart|p1: Snipado|move: Tailwind\n|move|p2b: Corviknight|Brave Bird|p1a: Talonflame\n|-damage|p1a: Talonflame|14/100\n|-damage|p2b: Corviknight|52/100|[from] Recoil\n|\n|-heal|p1b: Garchomp|75/100|[from] item: Leftovers\n|upkeep\n|turn|3\n|\n|t:|1776658767\n|move|p2a: Kangaskhan|Sucker Punch||[still]\n|-fail|p2a: Kangaskhan\n|move|p1a: Talonflame|Will-O-Wisp|p2b: Corviknight\n|-status|p2b: Corviknight|brn\n|move|p1b: Garchomp|Swords Dance|p1b: Garchomp\n|-boost|p1b: Garchomp|atk|2\n|move|p2b: Corviknight|Iron Head|p1b: Garchomp\n|-damage|p1b: Garchomp|63/100\n|-damage|p2b: Corviknight|40/100 brn|[from] ability: Rough Skin|[of] p1b: Garchomp\n|\n|-heal|p1b: Garchomp|69/100|[from] item: Leftovers\n|-damage|p2b: Corviknight|34/100 brn|[from] brn\n|upkeep\n|turn|4\n|-message|shakky121 forfeited.\n|\n|win|Snipado\n|raw|Snipado's rating: 1123 &rarr; <strong>1144</strong><br />(+21 for winning)\n|raw|shakky121's rating: 1074 &rarr; <strong>1056</strong><br />(-18 for losing)\n|l|\u2606shakky121\n|player|p2|\n",
  "uploadtime": 1776661174,
  "views": 6,
  "formatid": "gen9championsvgc2026regma",
  "rating": 1056,
  "private": 0,
  "password": null
}