{
  "id": "gen9championsvgc2026regma-2588932431",
  "format": "[Gen 9 Champions] VGC 2026 Reg M-A",
  "players": [
    "sirglizzi",
    "RiverSendra"
  ],
  "log": "|j|\u2606sirglizzi\n|j|\u2606RiverSendra\n|t:|1776687142\n|gametype|doubles\n|player|p1|sirglizzi|265|1126\n|player|p2|RiverSendra|266|1131\n|gen|9\n|tier|[Gen 9 Champions] VGC 2026 Reg M-A\n|rated|\n|rule|Species Clause: Limit one of each Pok\u00e9mon\n|rule|Item Clause: Limit 1 of each item\n|clearpoke\n|poke|p1|Pelipper, L50, F|\n|poke|p1|Meganium, L50, F|\n|poke|p1|Archaludon, L50, M|\n|poke|p1|Sneasler, L50, F|\n|poke|p1|Sableye, L50, M|\n|poke|p1|Basculegion, L50, M|\n|poke|p2|Froslass, L50, F, shiny|\n|poke|p2|Talonflame, L50, F, shiny|\n|poke|p2|Ninetales-Alola, L50, M, shiny|\n|poke|p2|Maushold, L50|\n|poke|p2|Empoleon, L50, M|\n|poke|p2|Slowking, L50, F|\n|teampreview|4\n|inactive|Battle timer is ON: inactive players will automatically lose when time's up. (requested by sirglizzi)\n|inactive|RiverSendra has 60 seconds left.\n|\n|t:|1776687183\n|teamsize|p1|4\n|teamsize|p2|4\n|start\n|switch|p1a: Sableye|Sableye, L50, M|100/100\n|switch|p1b: Archaludon|Archaludon, L50, M|100/100\n|switch|p2a: Ninetales|Ninetales-Alola, L50, M, shiny|100/100\n|switch|p2b: Slowking|Slowking, L50, F|100/100\n|-weather|Snowscape|[from] ability: Snow Warning|[of] p2a: Ninetales\n|turn|1\n|\n|t:|1776687201\n|move|p2a: Ninetales|Protect|p2a: Ninetales\n|-singleturn|p2a: Ninetales|Protect\n|move|p1a: Sableye|Rain Dance|p1a: Sableye\n|-weather|RainDance\n|move|p1b: Archaludon|Electro Shot||[still]\n|-prepare|p1b: Archaludon|Electro Shot\n|-boost|p1b: Archaludon|spa|1\n|-anim|p1b: Archaludon|Electro Shot|p2b: Slowking\n|-supereffective|p2b: Slowking|1\n|-damage|p2b: Slowking|0 fnt\n|faint|p2b: Slowking\n|\n|-weather|RainDance|[upkeep]\n|upkeep\n|\n|t:|1776687215\n|switch|p2b: Froslass|Froslass, L50, F, shiny|100/100\n|turn|2\n|\n|t:|1776687229\n|detailschange|p2b: Froslass|Froslass-Mega, L50, F, shiny\n|-mega|p2b: Froslass|Froslass|Froslassite\n|-weather|Snowscape|[from] ability: Snow Warning|[of] p2b: Froslass\n|move|p2b: Froslass|Protect|p2b: Froslass\n|-singleturn|p2b: Froslass|Protect\n|move|p1a: Sableye|Light Screen|p1a: Sableye\n|-sidestart|p1: sirglizzi|move: Light Screen\n|move|p2a: Ninetales|Moonblast|p1a: Sableye\n|-supereffective|p1a: Sableye|1\n|-damage|p1a: Sableye|52/100\n|move|p1b: Archaludon|Flash Cannon|p2a: Ninetales\n|-supereffective|p2a: Ninetales|2\n|-enditem|p2a: Ninetales|Focus Sash\n|-damage|p2a: Ninetales|1/100\n|\n|-weather|Snowscape|[upkeep]\n|upkeep\n|turn|3\n|\n|t:|1776687250\n|move|p1a: Sableye|Rain Dance|p1a: Sableye\n|-weather|RainDance\n|move|p2b: Froslass|Blizzard|p1b: Archaludon|[spread] p1a,p1b\n|-damage|p1a: Sableye|20/100\n|-damage|p1b: Archaludon|65/100\n|-ability|p1b: Archaludon|Stamina|boost\n|-boost|p1b: Archaludon|def|1\n|move|p2a: Ninetales|Aurora Veil||[still]\n|-fail|p2a: Ninetales\n|move|p1b: Archaludon|Electro Shot||[still]\n|-prepare|p1b: Archaludon|Electro Shot\n|-boost|p1b: Archaludon|spa|1\n|-anim|p1b: Archaludon|Electro Shot|p2b: Froslass\n|-damage|p2b: Froslass|0 fnt\n|faint|p2b: Froslass\n|\n|-weather|RainDance|[upkeep]\n|upkeep\n|\n|t:|1776687267\n|switch|p2b: Talonflame|Talonflame, L50, F, shiny|100/100\n|turn|4\n|-message|RiverSendra forfeited.\n|\n|win|sirglizzi\n|raw|sirglizzi's rating: 1126 &rarr; <strong>1151</strong><br />(+25 for winning)\n|raw|RiverSendra's rating: 1131 &rarr; <strong>1106</strong><br />(-25 for losing)\n|l|\u2606RiverSendra\n|player|p2|\n",
  "uploadtime": 1776687281,
  "views": 10,
  "formatid": "gen9championsvgc2026regma",
  "rating": 1106,
  "private": 0,
  "password": null
}