{
  "id": "gen9championsvgc2026regma-2587272980",
  "format": "[Gen 9 Champions] VGC 2026 Reg M-A",
  "players": [
    "salt_water123",
    "lolgz"
  ],
  "log": "|j|\u203dsalt_water123\n|j|\u2606lolgz\n|html|<table width=\"100%\"><tr><td align=\"left\">salt_water123</td><td align=\"right\">lolgz</tr><tr><td align=\"left\"><i class=\"fa fa-circle-o\"></i> <i class=\"fa fa-circle-o\"></i> </td><td align=\"right\"><i class=\"fa fa-circle-o\"></i> <i class=\"fa fa-circle-o\"></i> </tr></table>\n|uhtml|bestof|<h2><strong>Game 1</strong> of <a href=\"/game-bestof3-gen9championsvgc2026regma-2587272979\">a best-of-3</a></h2>\n|t:|1776517014\n|gametype|doubles\n|player|p1|salt_water123|harmony|\n|player|p2|lolgz|dawn|\n|gen|9\n|tier|[Gen 9 Champions] VGC 2026 Reg M-A\n|rated|Tournament battle\n|rule|Species Clause: Limit one of each Pok\u00e9mon\n|rule|Item Clause: Limit 1 of each item\n|raw|<div class=\"infobox\"><details class=\"readmore\" open><summary><strong>2 custom rules:</strong></summary> Force Open Team Sheets, Best of = 3</details></div>\n|clearpoke\n|poke|p1|Delphox, L50, M|\n|poke|p1|Sneasler, L50, F|\n|poke|p1|Kingambit, L50, M|\n|poke|p1|Whimsicott, L50, M|\n|poke|p1|Milotic, L50, M|\n|poke|p1|Garchomp, L50, M|\n|poke|p2|Floette-Eternal, L50, F|\n|poke|p2|Aerodactyl, L50, M|\n|poke|p2|Basculegion, L50, M|\n|poke|p2|Delphox, L50, F|\n|poke|p2|Garchomp, L50, M|\n|poke|p2|Sinistcha, L50|\n|teampreview|4\n|showteam|p1|Delphox||Delphoxite|Blaze|HeatWave,Psychic,Protect,Substitute|||M|||50|]Sneasler||WhiteHerb|Unburden|CloseCombat,GunkShot,Protect,FakeOut|||F|||50|]Kingambit||BlackGlasses|Defiant|KowtowCleave,SuckerPunch,SwordsDance,Protect|||M|||50|]Whimsicott||FocusSash|Prankster|Moonblast,Tailwind,Protect,Encore|||M|||50|]Milotic||Leftovers|Competitive|Scald,IcyWind,Recover,Protect|||M|||50|]Garchomp||ChoiceScarf|RoughSkin|StompingTantrum,DragonClaw,RockSlide,Earthquake|||M|||50|\n|showteam|p2|Floette-Eternal||Floettite|FlowerVeil|Moonblast,DazzlingGleam,LightofRuin,Protect|||F|||50|]Aerodactyl||FocusSash|Unnerve|RockSlide,DualWingbeat,WideGuard,Tailwind|||M|||50|]Basculegion||ChoiceScarf|Adaptability|LastRespects,WaveCrash,AquaJet,FlipTurn|||M|||50|]Delphox||Delphoxite|Blaze|HeatWave,Psychic,Substitute,Protect|||F|||50|]Garchomp||WhiteHerb|SandVeil|Earthquake,DragonClaw,RockSlide,Protect|||M|||50|]Sinistcha||SitrusBerry|Hospitality|ShadowBall,MatchaGotcha,TrickRoom,RagePowder||||||50|\n|inactive|Battle timer is ON: inactive players will automatically lose when time's up. (requested by salt_water123)\n|\n|t:|1776517042\n|teamsize|p1|4\n|teamsize|p2|4\n|start\n|switch|p1a: Delphox|Delphox, L50, M|100/100\n|switch|p1b: Garchomp|Garchomp, L50, M|100/100\n|switch|p2a: Aerodactyl|Aerodactyl, L50, M|100/100\n|switch|p2b: Delphox|Delphox, L50, F|100/100\n|-ability|p2a: Aerodactyl|Unnerve\n|turn|1\n|\n|t:|1776517062\n|detailschange|p1a: Delphox|Delphox-Mega, L50, M\n|-mega|p1a: Delphox|Delphox|Delphoxite\n|move|p2b: Delphox|Protect|p2b: Delphox\n|-singleturn|p2b: Delphox|Protect\n|move|p1b: Garchomp|Dragon Claw|p2a: Aerodactyl\n|-damage|p2a: Aerodactyl|33/100\n|move|p1a: Delphox|Psychic|p2a: Aerodactyl\n|-crit|p2a: Aerodactyl\n|-damage|p2a: Aerodactyl|0 fnt\n|faint|p2a: Aerodactyl\n|\n|upkeep\n|\n|t:|1776517070\n|switch|p2a: Garchomp|Garchomp, L50, M|100/100\n|turn|2\n|\n|t:|1776517077\n|detailschange|p2b: Delphox|Delphox-Mega, L50, F\n|-mega|p2b: Delphox|Delphox|Delphoxite\n|move|p1b: Garchomp|Dragon Claw|p2a: Garchomp\n|-supereffective|p2a: Garchomp|1\n|-damage|p2a: Garchomp|12/100\n|move|p2b: Delphox|Psychic|p1b: Garchomp\n|-crit|p1b: Garchomp\n|-damage|p1b: Garchomp|15/100\n|move|p1a: Delphox|Heat Wave|p2a: Garchomp|[spread] p2b\n|-miss|p1a: Delphox|p2a: Garchomp\n|-resisted|p2b: Delphox|1\n|-damage|p2b: Delphox|79/100\n|move|p2a: Garchomp|Dragon Claw|p1b: Garchomp\n|-supereffective|p1b: Garchomp|1\n|-damage|p1b: Garchomp|0 fnt\n|-damage|p2a: Garchomp|0 fnt|[from] ability: Rough Skin|[of] p1b: Garchomp\n|faint|p1b: Garchomp\n|faint|p2a: Garchomp\n|\n|upkeep\n|\n|t:|1776517086\n|switch|p2a: Sinistcha|Sinistcha, L50|100/100\n|switch|p1b: Sneasler|Sneasler, L50, F|100/100\n|-heal|p2b: Delphox|100/100|[from] ability: Hospitality|[of] p2a: Sinistcha\n|turn|3\n|\n|t:|1776517100\n|move|p1b: Sneasler|Fake Out|p2b: Delphox\n|-damage|p2b: Delphox|80/100\n|cant|p2b: Delphox|flinch\n|move|p1a: Delphox|Heat Wave|p2b: Delphox|[spread] p2a,p2b\n|-supereffective|p2a: Sinistcha|1\n|-resisted|p2b: Delphox|1\n|-damage|p2a: Sinistcha|0 fnt\n|-damage|p2b: Delphox|58/100\n|faint|p2a: Sinistcha\n|\n|upkeep\n|turn|4\n|\n|t:|1776517106\n|move|p2b: Delphox|Psychic|p1b: Sneasler\n|-supereffective|p1b: Sneasler|2\n|-damage|p1b: Sneasler|0 fnt\n|faint|p1b: Sneasler\n|move|p1a: Delphox|Psychic|p2b: Delphox\n|-resisted|p2b: Delphox|1\n|-damage|p2b: Delphox|32/100\n|\n|upkeep\n|\n|t:|1776517108\n|switch|p1b: Kingambit|Kingambit, L50, M|100/100\n|turn|5\n|\n|t:|1776517113\n|move|p1b: Kingambit|Sucker Punch|p2b: Delphox\n|-supereffective|p2b: Delphox|1\n|-damage|p2b: Delphox|0 fnt\n|faint|p2b: Delphox\n|\n|win|salt_water123\n",
  "uploadtime": 1776517113,
  "views": 15,
  "formatid": "gen9championsvgc2026regma",
  "rating": null,
  "private": 0,
  "password": null
}