{
  "id": "gen9championsvgc2026regma-2584769327",
  "format": "[Gen 9 Champions] VGC 2026 Reg M-A",
  "players": [
    "Inkerious",
    "lilgoldship"
  ],
  "log": "|j|\u2606Inkerious\n|j|\u2606lilgoldship\n|t:|1776282371\n|gametype|doubles\n|player|p1|Inkerious|265|1094\n|player|p2|lilgoldship|winona-gen6|1057\n|gen|9\n|tier|[Gen 9 Champions] VGC 2026 Reg M-A\n|rated|\n|rule|Species Clause: Limit one of each Pok\u00e9mon\n|rule|Item Clause: Limit 1 of each item\n|clearpoke\n|poke|p1|Glimmora, L50, M|\n|poke|p1|Kangaskhan, L50, F|\n|poke|p1|Pelipper, L50, M|\n|poke|p1|Archaludon, L50, F|\n|poke|p1|Basculegion, L50, M|\n|poke|p1|Sinistcha-Masterpiece, L50|\n|poke|p2|Reuniclus, L50, M|\n|poke|p2|Aegislash, L50, F|\n|poke|p2|Incineroar, L50, F|\n|poke|p2|Gallade, L50, M|\n|poke|p2|Ampharos, L50, F|\n|poke|p2|Farigiraf, L50, F|\n|teampreview|4\n|inactive|Battle timer is ON: inactive players will automatically lose when time's up. (requested by Inkerious)\nlilgoldship rejected open team sheets.\n|inactive|Inkerious has 60 seconds left.\n|\n|t:|1776282409\n|teamsize|p1|4\n|teamsize|p2|4\n|start\n|switch|p1a: Kangaskhan|Kangaskhan, L50, F|100/100\n|switch|p1b: Sinistcha|Sinistcha-Masterpiece, L50|100/100\n|switch|p2a: nemesis|Gallade, L50, M|100/100\n|switch|p2b: espada|Aegislash, L50, F|100/100\n|turn|1\n|inactive|Inkerious has 30 seconds left.\n|inactive|lilgoldship has 30 seconds left.\n|\n|t:|1776282437\n|move|p2b: espada|King's Shield|p2b: espada\n|-singleturn|p2b: espada|Protect\n|move|p1a: Kangaskhan|Fake Out|p2b: espada\n|-activate|p2b: espada|move: Protect\n|-unboost|p1a: Kangaskhan|atk|1\n|move|p1b: Sinistcha|Matcha Gotcha|p2a: nemesis|[spread] p2a\n|-activate|p2b: espada|move: Protect\n|-damage|p2a: nemesis|78/100\n|move|p2a: nemesis|Trick Room|p2a: nemesis\n|-fieldstart|move: Trick Room|[of] p2a: nemesis\n|\n|upkeep\n|turn|2\n|\n|t:|1776282456\n|detailschange|p1a: Kangaskhan|Kangaskhan-Mega, L50, F\n|-mega|p1a: Kangaskhan|Kangaskhan|Kangaskhanite\n|move|p1a: Kangaskhan|Sucker Punch|p2b: espada\n|-supereffective|p2b: espada|1\n|-damage|p2b: espada|71/100\n|-supereffective|p2b: espada|1\n|-damage|p2b: espada|65/100\n|-hitcount|p2b: espada|2\n|-formechange|p2b: espada|Aegislash-Blade|\n|move|p2b: espada|Shadow Ball|p1b: Sinistcha\n|-supereffective|p1b: Sinistcha|1\n|-damage|p1b: Sinistcha|0 fnt\n|faint|p1b: Sinistcha\n|move|p2a: nemesis|Sacred Sword|p1a: Kangaskhan\n|-supereffective|p1a: Kangaskhan|1\n|-damage|p1a: Kangaskhan|0 fnt\n|faint|p1a: Kangaskhan\n|\n|upkeep\n|\n|t:|1776282467\n|switch|p1b: Archaludon|Archaludon, L50, F|100/100\n|switch|p1a: Pelipper|Pelipper, L50, M|100/100\n|-weather|RainDance|[from] ability: Drizzle|[of] p1a: Pelipper\n|turn|3\n|\n|t:|1776282489\n|move|p2b: espada|Shadow Ball|p1b: Archaludon\n|-damage|p1b: Archaludon|34/100\n|-ability|p1b: Archaludon|Stamina|boost\n|-boost|p1b: Archaludon|def|1\n|move|p2a: nemesis|Sacred Sword|p1b: Archaludon\n|-supereffective|p1b: Archaludon|1\n|-damage|p1b: Archaludon|0 fnt\n|faint|p1b: Archaludon\n|move|p1a: Pelipper|Weather Ball|p2b: espada\n|-damage|p2b: espada|0 fnt\n|faint|p2b: espada\n|\n|-weather|RainDance|[upkeep]\n|upkeep\n|\n|t:|1776282496\n|switch|p2b: who is this?|Ampharos, L50, F|100/100\n|turn|4\n|\n|t:|1776282505\n|detailschange|p2b: who is this?|Ampharos-Mega, L50, F\n|-mega|p2b: who is this?|Ampharos|Ampharosite\n|-ability|p2b: who is this?|Mold Breaker\n|move|p2b: who is this?|Thunderbolt|p1a: Pelipper\n|-supereffective|p1a: Pelipper|2\n|-enditem|p1a: Pelipper|Focus Sash\n|-damage|p1a: Pelipper|1/100\n|move|p2a: nemesis|Psycho Cut|p1a: Pelipper\n|-damage|p1a: Pelipper|0 fnt\n|faint|p1a: Pelipper\n|\n|win|lilgoldship\n|raw|Inkerious's rating: 1094 &rarr; <strong>1067</strong><br />(-27 for losing)\n|raw|lilgoldship's rating: 1057 &rarr; <strong>1092</strong><br />(+35 for winning)\n|l|\u2606Inkerious\n|player|p1|\n",
  "uploadtime": 1776282514,
  "views": 22,
  "formatid": "gen9championsvgc2026regma",
  "rating": 1067,
  "private": 0,
  "password": null
}