{
  "id": "gen9championsvgc2026regma-2584695841",
  "format": "[Gen 9 Champions] VGC 2026 Reg M-A",
  "players": [
    "Razorclaws123",
    "Laskhoo"
  ],
  "log": "|j|\u2606Razorclaws123\n|j|\u2606Laskhoo\n|t:|1776277367\n|gametype|doubles\n|player|p1|Razorclaws123|101|1000\n|player|p2|Laskhoo|red|1000\n|gen|9\n|tier|[Gen 9 Champions] VGC 2026 Reg M-A\n|rated|\n|rule|Species Clause: Limit one of each Pok\u00e9mon\n|rule|Item Clause: Limit 1 of each item\n|clearpoke\n|poke|p1|Starmie, L50|\n|poke|p1|Zoroark-Hisui, L50, F|\n|poke|p1|Typhlosion-Hisui, L50, F|\n|poke|p1|Primarina, L50, F|\n|poke|p1|Politoed, L50, F|\n|poke|p1|Archaludon, L50, M|\n|poke|p2|Charizard, L50, F|\n|poke|p2|Whimsicott, L50, F|\n|poke|p2|Garchomp, L50, F|\n|poke|p2|Incineroar, L50, M|\n|poke|p2|Maushold, L50|\n|poke|p2|Basculegion, L50, M|\n|teampreview|4\n|\n|t:|1776277388\n|teamsize|p1|4\n|teamsize|p2|4\n|start\n|switch|p1a: Politoed|Politoed, L50, F|100/100\n|switch|p1b: Archaludon|Archaludon, L50, M|100/100\n|switch|p2a: Incineroar|Incineroar, L50, M|100/100\n|switch|p2b: Garchomp|Garchomp, L50, F|100/100\n|-weather|RainDance|[from] ability: Drizzle|[of] p1a: Politoed\n|-ability|p2a: Incineroar|Intimidate|boost\n|-unboost|p1a: Politoed|atk|1\n|-unboost|p1b: Archaludon|atk|1\n|turn|1\n|\n|t:|1776277404\n|move|p1b: Archaludon|Protect|p1b: Archaludon\n|-singleturn|p1b: Archaludon|Protect\n|move|p1a: Politoed|Protect|p1a: Politoed\n|-singleturn|p1a: Politoed|Protect\n|move|p2a: Incineroar|Fake Out|p1b: Archaludon\n|-activate|p1b: Archaludon|move: Protect\n|move|p2b: Garchomp|Swords Dance|p2b: Garchomp\n|-boost|p2b: Garchomp|atk|2\n|\n|-weather|RainDance|[upkeep]\n|upkeep\n|turn|2\n|\n|t:|1776277427\n|move|p2b: Garchomp|Earthquake|p1a: Politoed|[spread] p2a,p1a,p1b\n|-supereffective|p2a: Incineroar|1\n|-damage|p2a: Incineroar|0 fnt\n|-damage|p1a: Politoed|9/100\n|-damage|p1b: Archaludon|0 fnt\n|replace|p1b: Zoroark|Zoroark-Hisui, L50, F, shiny\n|-end|p1b: Zoroark|Illusion\n|faint|p2a: Incineroar\n|faint|p1b: Zoroark\n|move|p1a: Politoed|Earth Power|p2b: Garchomp\n|-damage|p2b: Garchomp|75/100\n|\n|-weather|RainDance|[upkeep]\n|-heal|p1a: Politoed|15/100|[from] item: Leftovers\n|upkeep\n|\n|t:|1776277440\n|switch|p1b: Primarina|Primarina, L50, F, shiny|100/100\n|switch|p2a: Charizard|Charizard, L50, F|100/100\n|turn|3\n|\n|t:|1776277455\n|detailschange|p2a: Charizard|Charizard-Mega-Y, L50, F\n|-mega|p2a: Charizard|Charizard|Charizardite Y\n|-weather|SunnyDay|[from] ability: Drought|[of] p2a: Charizard\n|move|p2b: Garchomp|Earthquake|p1b: Primarina|[spread] p1a,p1b\n|-immune|p2a: Charizard\n|-damage|p1a: Politoed|0 fnt\n|-damage|p1b: Primarina|7/100\n|faint|p1a: Politoed\n|move|p2a: Charizard|Heat Wave|p1b: Primarina\n|-resisted|p1b: Primarina|1\n|-damage|p1b: Primarina|0 fnt\n|faint|p1b: Primarina\n|\n|-weather|SunnyDay|[upkeep]\n|upkeep\n|-message|Razorclaws123 forfeited.\n|\n|win|Laskhoo\n|raw|Razorclaws123's rating: 1000 &rarr; <strong>1000</strong><br />(+0 for losing)\n|raw|Laskhoo's rating: 1000 &rarr; <strong>1040</strong><br />(+40 for winning)\n|l|\u2606Razorclaws123\n|player|p1|\n|l|\u2606Laskhoo\n|player|p2|\n|j|\u2606Laskhoo\n|player|p2|Laskhoo|red|\n",
  "uploadtime": 1776278094,
  "views": 21,
  "formatid": "gen9championsvgc2026regma",
  "rating": 1000,
  "private": 0,
  "password": null
}