{
  "id": "gen9championsvgc2026regma-2584113032",
  "format": "[Gen 9 Champions] VGC 2026 Reg M-A",
  "players": [
    "big guy big guy",
    "ioioheio"
  ],
  "log": "|j|\u2606big guy big guy\n|j|\u2606ioioheio\n|t:|1776226540\n|gametype|doubles\n|player|p1|big guy big guy|102|1049\n|player|p2|ioioheio|unknown|1000\n|gen|9\n|tier|[Gen 9 Champions] VGC 2026 Reg M-A\n|rated|\n|rule|Species Clause: Limit one of each Pok\u00e9mon\n|rule|Item Clause: Limit 1 of each item\n|clearpoke\n|poke|p1|Scovillain, L50, M|\n|poke|p1|Medicham, L50, M|\n|poke|p1|Kommo-o, L50, M|\n|poke|p1|Aerodactyl, L50, F|\n|poke|p1|Sinistcha, L50|\n|poke|p1|Incineroar, L50, M|\n|poke|p2|Starmie, L50|\n|poke|p2|Dragonite, L50, M|\n|poke|p2|Arcanine-Hisui, L50, M|\n|poke|p2|Floette-Eternal, L50, F|\n|poke|p2|Tyranitar, L50, F|\n|poke|p2|Whimsicott, L50, M|\n|teampreview|4\n|inactive|Battle timer is ON: inactive players will automatically lose when time's up. (requested by big guy big guy)\n|\n|t:|1776226553\n|teamsize|p1|4\n|teamsize|p2|4\n|start\n|switch|p1a: Medicham|Medicham, L50, M|100/100\n|switch|p1b: Scovillain|Scovillain, L50, M|100/100\n|switch|p2a: Starmie|Starmie, L50|100/100\n|switch|p2b: Dragonite|Dragonite, L50, M|100/100\n|turn|1\n|\n|t:|1776226577\n|detailschange|p2a: Starmie|Starmie-Mega, L50\n|-mega|p2a: Starmie|Starmie|Starminite\n|move|p1a: Medicham|Acupressure|p1b: Scovillain\n|-boost|p1b: Scovillain|accuracy|2\n|move|p2a: Starmie|Skill Swap|p2b: Dragonite\n|-activate|p2a: Starmie|Skill Swap|||[of] p2b: Dragonite\n|move|p2b: Dragonite|Rock Slide|p1a: Medicham|[spread] p1a,p1b\n|-resisted|p1a: Medicham|1\n|-supereffective|p1b: Scovillain|1\n|-damage|p1a: Medicham|67/100\n|-damage|p1b: Scovillain|0 fnt\n|faint|p1b: Scovillain\n|\n|upkeep\n|-message|big guy big guy forfeited.\n|\n|win|ioioheio\n|raw|big guy big guy's rating: 1049 &rarr; <strong>1029</strong><br />(-20 for losing)\n|raw|ioioheio's rating: 1000 &rarr; <strong>1046</strong><br />(+46 for winning)\n|l|\u2606big guy big guy\n|player|p1|\n",
  "uploadtime": 1776226594,
  "views": 17,
  "formatid": "gen9championsvgc2026regma",
  "rating": 1029,
  "private": 0,
  "password": null
}