{
  "id": "gen9championsvgc2026regma-2584913533",
  "format": "[Gen 9 Champions] VGC 2026 Reg M-A",
  "players": [
    "jiren2026",
    "Bneky"
  ],
  "log": "|j|\u2606jiren2026\n|j|\u2606Bneky\n|t:|1776293989\n|gametype|doubles\n|player|p1|jiren2026|102|1159\n|player|p2|Bneky|dawn|1178\n|gen|9\n|tier|[Gen 9 Champions] VGC 2026 Reg M-A\n|rated|\n|rule|Species Clause: Limit one of each Pok\u00e9mon\n|rule|Item Clause: Limit 1 of each item\n|clearpoke\n|poke|p1|Delphox, L50, F|\n|poke|p1|Sableye, L50, F|\n|poke|p1|Sneasler, L50, M|\n|poke|p1|Mamoswine, L50, M|\n|poke|p1|Aerodactyl, L50, F|\n|poke|p1|Rotom-Wash, L50|\n|poke|p2|Glaceon, L50, F|\n|poke|p2|Froslass, L50, F|\n|poke|p2|Incineroar, L50, M|\n|poke|p2|Kingambit, L50, M|\n|poke|p2|Sinistcha, L50|\n|poke|p2|Archaludon, L50, F|\n|teampreview|4\n|\n|t:|1776294021\n|teamsize|p1|4\n|teamsize|p2|4\n|start\n|switch|p1a: Delphox|Delphox, L50, F, shiny|100/100\n|switch|p1b: Sneasler|Sneasler, L50, M, shiny|100/100\n|switch|p2a: Froslass|Froslass, L50, F|100/100\n|switch|p2b: Incineroar|Incineroar, L50, M|100/100\n|-ability|p2b: Incineroar|Intimidate|boost\n|-unboost|p1a: Delphox|atk|1\n|-unboost|p1b: Sneasler|atk|1\n|-enditem|p1b: Sneasler|White Herb\n|-clearnegativeboost|p1b: Sneasler|[silent]\n|turn|1\n|inactive|Battle timer is ON: inactive players will automatically lose when time's up. (requested by jiren2026)\n|\n|t:|1776294036\n|detailschange|p2a: Froslass|Froslass-Mega, L50, F\n|-mega|p2a: Froslass|Froslass|Froslassite\n|-weather|Snowscape|[from] ability: Snow Warning|[of] p2a: Froslass\n|detailschange|p1a: Delphox|Delphox-Mega, L50, F, shiny\n|-mega|p1a: Delphox|Delphox|Delphoxite\n|move|p1b: Sneasler|Upper Hand|p2b: Incineroar\n|-supereffective|p2b: Incineroar|1\n|-damage|p2b: Incineroar|31/100\n|-enditem|p2b: Incineroar|Sitrus Berry|[eat]\n|-heal|p2b: Incineroar|56/100|[from] item: Sitrus Berry\n|cant|p2b: Incineroar|flinch\n|move|p1a: Delphox|Heat Wave|p2a: Froslass|[spread] p2a,p2b\n|-supereffective|p2a: Froslass|1\n|-resisted|p2b: Incineroar|1\n|-damage|p2a: Froslass|15/100\n|-damage|p2b: Incineroar|40/100\n|move|p2a: Froslass|Aurora Veil|p2a: Froslass\n|-sidestart|p2: Bneky|move: Aurora Veil\n|\n|-weather|Snowscape|[upkeep]\n|upkeep\n|turn|2\n|\n|t:|1776294054\n|move|p1b: Sneasler|Close Combat|p2b: Incineroar\n|-supereffective|p2b: Incineroar|1\n|-damage|p2b: Incineroar|0 fnt\n|-unboost|p1b: Sneasler|def|1\n|-unboost|p1b: Sneasler|spd|1\n|faint|p2b: Incineroar\n|move|p1a: Delphox|Heat Wave|p2a: Froslass\n|-supereffective|p2a: Froslass|1\n|-damage|p2a: Froslass|0 fnt\n|faint|p2a: Froslass\n|\n|-weather|Snowscape|[upkeep]\n|upkeep\n|\n|t:|1776294062\n|switch|p2a: Kingambit|Kingambit, L50, M|100/100\n|switch|p2b: Glaceon|Glaceon, L50, F, shiny|100/100\n|-activate|p2a: Kingambit|ability: Supreme Overlord\n|-start|p2a: Kingambit|fallen2|[silent]\n|turn|3\n|\n|t:|1776294077\n|move|p2b: Glaceon|Protect|p2b: Glaceon\n|-singleturn|p2b: Glaceon|Protect\n|move|p1b: Sneasler|Upper Hand|p2a: Kingambit\n|-supereffective|p2a: Kingambit|2\n|-damage|p2a: Kingambit|37/100\n|cant|p2a: Kingambit|flinch\n|move|p1a: Delphox|Heat Wave|p2a: Kingambit|[spread] p2a\n|-activate|p2b: Glaceon|move: Protect\n|-supereffective|p2a: Kingambit|1\n|-damage|p2a: Kingambit|0 fnt\n|faint|p2a: Kingambit\n|-end|p2a: Kingambit|fallen2|[silent]\n|\n|-weather|Snowscape|[upkeep]\n|upkeep\n|turn|4\n|-message|Bneky forfeited.\n|\n|win|jiren2026\n|raw|jiren2026's rating: 1159 &rarr; <strong>1185</strong><br />(+26 for winning)\n|raw|Bneky's rating: 1178 &rarr; <strong>1152</strong><br />(-26 for losing)\n|l|\u2606Bneky\n|player|p2|\n",
  "uploadtime": 1776294090,
  "views": 25,
  "formatid": "gen9championsvgc2026regma",
  "rating": 1152,
  "private": 0,
  "password": null
}