{
  "id": "gen9championsvgc2026regma-2584978995",
  "format": "[Gen 9 Champions] VGC 2026 Reg M-A",
  "players": [
    "DannyMelon",
    "Blaze Gol D Blade"
  ],
  "log": "|j|\u2606DannyMelon\n|j|\u2606Blaze Gol D Blade\n|t:|1776300106\n|gametype|doubles\n|player|p1|DannyMelon|crasherwake|\n|player|p2|Blaze Gol D Blade|265|\n|gen|9\n|tier|[Gen 9 Champions] VGC 2026 Reg M-A\n|rule|Species Clause: Limit one of each Pok\u00e9mon\n|rule|Item Clause: Limit 1 of each item\n|clearpoke\n|poke|p1|Gengar, L50, F|\n|poke|p1|Maushold-Four, L50|\n|poke|p1|Rotom-Wash, L50|\n|poke|p1|Kommo-o, L50, F|\n|poke|p1|Oranguru, L50, F|\n|poke|p1|Aegislash, L50, M|\n|poke|p2|Sableye, L50, F|\n|poke|p2|Charizard, L50, F|\n|poke|p2|Espathra, L50, F|\n|poke|p2|Greninja-*, L50, M|\n|poke|p2|Dragapult, L50, F|\n|poke|p2|Venusaur, L50, M|\n|teampreview|4\nDannyMelon rejected open team sheets.\n|j| TimLikesTrains\n|\n|t:|1776300161\n|teamsize|p1|4\n|teamsize|p2|4\n|start\n|switch|p1a: Rotom|Rotom-Wash, L50|100/100\n|switch|p1b: Aegislash|Aegislash, L50, M|100/100\n|switch|p2a: Charizard|Charizard, L50, F, shiny|100/100\n|switch|p2b: Espathra|Espathra, L50, F|100/100\n|turn|1\n|\n|t:|1776300199\n|detailschange|p2a: Charizard|Charizard-Mega-Y, L50, F, shiny\n|-mega|p2a: Charizard|Charizard|Charizardite Y\n|-weather|SunnyDay|[from] ability: Drought|[of] p2a: Charizard\n|move|p2a: Charizard|Protect|p2a: Charizard\n|-singleturn|p2a: Charizard|Protect\n|move|p1a: Rotom|Thunderbolt|p2a: Charizard\n|-activate|p2a: Charizard|move: Protect\n|move|p2b: Espathra|Lumina Crash|p1a: Rotom\n|-damage|p1a: Rotom|64/100\n|-unboost|p1a: Rotom|spd|2\n|move|p1b: Aegislash|Swords Dance|p1b: Aegislash\n|-boost|p1b: Aegislash|atk|2\n|\n|-weather|SunnyDay|[upkeep]\n|-ability|p2b: Espathra|Speed Boost|boost\n|-boost|p2b: Espathra|spe|1\n|upkeep\n|turn|2\n|c|\u2606DannyMelon|the greed pig\n|\n|t:|1776300237\n|-formechange|p1b: Aegislash|Aegislash-Blade|\n|move|p1b: Aegislash|Shadow Sneak|p2b: Espathra\n|-supereffective|p2b: Espathra|1\n|-enditem|p2b: Espathra|Kasib Berry|[eat]\n|-enditem|p2b: Espathra|Kasib Berry|[weaken]\n|-damage|p2b: Espathra|25/100\n|move|p2b: Espathra|Lumina Crash|p1a: Rotom\n|-damage|p1a: Rotom|0 fnt\n|faint|p1a: Rotom\n|move|p2a: Charizard|Weather Ball|p1b: Aegislash\n|-supereffective|p1b: Aegislash|1\n|-damage|p1b: Aegislash|0 fnt\n|faint|p1b: Aegislash\n|\n|-weather|SunnyDay|[upkeep]\n|-ability|p2b: Espathra|Speed Boost|boost\n|-boost|p2b: Espathra|spe|1\n|upkeep\n|c|\u2606DannyMelon|ooooooo\n|\n|t:|1776300253\n|switch|p1a: Oranguru|Oranguru, L50, F|100/100\n|switch|p1b: Kommo-o|Kommo-o, L50, F|100/100\n|turn|3\n|c| TimLikesTrains|Mmmmmm\n|c|\u2606DannyMelon|kasib berry fucked me\n|\n|t:|1776300289\n|move|p1b: Kommo-o|Protect|p1b: Kommo-o\n|-singleturn|p1b: Kommo-o|Protect\n|move|p2b: Espathra|Lumina Crash|p1a: Oranguru\n|-resisted|p1a: Oranguru|1\n|-damage|p1a: Oranguru|87/100\n|-unboost|p1a: Oranguru|spd|2\n|move|p2a: Charizard|Weather Ball|p1a: Oranguru\n|-damage|p1a: Oranguru|0 fnt\n|faint|p1a: Oranguru\n|\n|-weather|SunnyDay|[upkeep]\n|-ability|p2b: Espathra|Speed Boost|boost\n|-boost|p2b: Espathra|spe|1\n|upkeep\n|turn|4\n|c|\u2606DannyMelon|LMAO\n|\n|t:|1776300308\n|move|p2b: Espathra|Lumina Crash|p1b: Kommo-o\n|-supereffective|p1b: Kommo-o|1\n|-damage|p1b: Kommo-o|43/100\n|-unboost|p1b: Kommo-o|spd|2\n|move|p2a: Charizard|Heat Wave|p1b: Kommo-o\n|-resisted|p1b: Kommo-o|1\n|-damage|p1b: Kommo-o|0 fnt\n|faint|p1b: Kommo-o\n|\n|win|Blaze Gol D Blade\n|c| TimLikesTrains|Notched might be ass\n|l|\u2606DannyMelon\n|player|p1|\n|l| TimLikesTrains\n|j|\u2606DannyMelon\n|player|p1|DannyMelon|crasherwake|\n",
  "uploadtime": 1776300312,
  "views": 45,
  "formatid": "gen9championsvgc2026regma",
  "rating": null,
  "private": 0,
  "password": null
}