{
  "id": "gen9championsvgc2026regma-2585569370",
  "format": "[Gen 9 Champions] VGC 2026 Reg M-A",
  "players": [
    "garex26",
    "rijdenderechter"
  ],
  "log": "|j|\u2606garex26\n|j|\u2606rijdenderechter\n|t:|1776356137\n|gametype|doubles\n|player|p1|garex26|iris-gen5bw2|1392\n|player|p2|rijdenderechter|roughneck-gen4|1501\n|gen|9\n|tier|[Gen 9 Champions] VGC 2026 Reg M-A\n|rated|\n|rule|Species Clause: Limit one of each Pok\u00e9mon\n|rule|Item Clause: Limit 1 of each item\n|clearpoke\n|poke|p1|Aerodactyl, L50, F|\n|poke|p1|Sinistcha, L50|\n|poke|p1|Incineroar, L50, M|\n|poke|p1|Scizor, L50, F|\n|poke|p1|Floette-Eternal, L50, F|\n|poke|p1|Rotom-Wash, L50|\n|poke|p2|Skarmory, L50, F|\n|poke|p2|Sinistcha, L50|\n|poke|p2|Mamoswine, L50, M|\n|poke|p2|Rotom-Heat, L50|\n|poke|p2|Milotic, L50, F|\n|poke|p2|Sneasler, L50, F|\n|teampreview|4\n|l|\u2606rijdenderechter\n|player|p2|\n|j|\u2606rijdenderechter\n|player|p2|rijdenderechter|roughneck-gen4|\n|inactive|Battle timer is ON: inactive players will automatically lose when time's up. (requested by rijdenderechter)\n|\n|t:|1776356208\n|teamsize|p1|4\n|teamsize|p2|4\n|start\n|switch|p1a: Rotom|Rotom-Wash, L50|100/100\n|switch|p1b: Scizor|Scizor, L50, F|100/100\n|switch|p2a: Skarmory|Skarmory, L50, F|100/100\n|switch|p2b: Sneasler|Sneasler, L50, F|100/100\n|turn|1\n|\n|t:|1776356221\n|switch|p2a: Rotom|Rotom-Heat, L50|100/100\n|detailschange|p1b: Scizor|Scizor-Mega, L50, F\n|-mega|p1b: Scizor|Scizor|Scizorite\n|move|p2b: Sneasler|Fake Out|p1a: Rotom\n|-damage|p1a: Rotom|83/100\n|cant|p1a: Rotom|flinch\n|move|p1b: Scizor|Swords Dance|p1b: Scizor\n|-boost|p1b: Scizor|atk|2\n|\n|upkeep\n|turn|2\n|\n|t:|1776356238\n|move|p2a: Rotom|Protect|p2a: Rotom\n|-singleturn|p2a: Rotom|Protect\n|move|p1b: Scizor|Protect|p1b: Scizor\n|-singleturn|p1b: Scizor|Protect\n|move|p1a: Rotom|Hydro Pump|p2a: Rotom\n|-activate|p2a: Rotom|move: Protect\n|move|p2b: Sneasler|Close Combat|p1a: Rotom\n|-damage|p1a: Rotom|6/100\n|-unboost|p2b: Sneasler|def|1\n|-unboost|p2b: Sneasler|spd|1\n|-enditem|p2b: Sneasler|White Herb\n|-clearnegativeboost|p2b: Sneasler|[silent]\n|\n|upkeep\n|turn|3\n|\n|t:|1776356252\n|move|p1b: Scizor|Bullet Punch|p2a: Rotom\n|-resisted|p2a: Rotom|2\n|-damage|p2a: Rotom|81/100\n|move|p2b: Sneasler|Close Combat|p1a: Rotom\n|-damage|p1a: Rotom|0 fnt\n|-unboost|p2b: Sneasler|def|1\n|-unboost|p2b: Sneasler|spd|1\n|faint|p1a: Rotom\n|move|p2a: Rotom|Overheat|p1b: Scizor\n|-supereffective|p1b: Scizor|2\n|-damage|p1b: Scizor|0 fnt\n|-unboost|p2a: Rotom|spa|2\n|faint|p1b: Scizor\n|\n|upkeep\n|-message|garex26 forfeited.\n|\n|win|rijdenderechter\n|raw|garex26's rating: 1392 &rarr; <strong>1378</strong><br />(-14 for losing)\n|raw|rijdenderechter's rating: 1501 &rarr; <strong>1515</strong><br />(+14 for winning)\n|l|\u2606garex26\n|player|p1|\n",
  "uploadtime": 1776356264,
  "views": 53,
  "formatid": "gen9championsvgc2026regma",
  "rating": 1378,
  "private": 0,
  "password": null
}