{
  "id": "gen9championsvgc2026regma-2583431198",
  "format": "[Gen 9 Champions] VGC 2026 Reg M-A",
  "players": [
    "Jeremykhoo",
    "Mikitrash"
  ],
  "log": "|j|\u2606Jeremykhoo\n|j|\u2606Mikitrash\n|t:|1776175197\n|gametype|doubles\n|player|p1|Jeremykhoo|hilbert-wonderlauncher|1117\n|player|p2|Mikitrash|tourist|1146\n|gen|9\n|tier|[Gen 9 Champions] VGC 2026 Reg M-A\n|rated|\n|rule|Species Clause: Limit one of each Pok\u00e9mon\n|rule|Item Clause: Limit 1 of each item\n|clearpoke\n|poke|p1|Tyranitar, L50, M|\n|poke|p1|Whimsicott, L50, M|\n|poke|p1|Aggron, L50, F|\n|poke|p1|Drampa, L50, F|\n|poke|p1|Sylveon, L50, F|\n|poke|p1|Arcanine, L50, F|\n|poke|p2|Chandelure, L50, F|\n|poke|p2|Hydreigon, L50, M|\n|poke|p2|Whimsicott, L50, M|\n|poke|p2|Primarina, L50, F|\n|poke|p2|Tsareena, L50, F|\n|poke|p2|Excadrill, L50, M|\n|teampreview|4\n|\n|t:|1776175248\n|teamsize|p1|4\n|teamsize|p2|4\n|start\n|switch|p1a: Whimsicott|Whimsicott, L50, M|100/100\n|switch|p1b: Arcanine|Arcanine, L50, F|100/100\n|switch|p2a: Hydreigon|Hydreigon, L50, M|100/100\n|switch|p2b: Tsareena|Tsareena, L50, F|100/100\n|-ability|p1b: Arcanine|Intimidate|boost\n|-unboost|p2a: Hydreigon|atk|1\n|-unboost|p2b: Tsareena|atk|1\n|turn|1\n|\n|t:|1776175303\n|move|p1a: Whimsicott|Moonblast|p2a: Hydreigon\n|-supereffective|p2a: Hydreigon|2\n|-damage|p2a: Hydreigon|0 fnt\n|faint|p2a: Hydreigon\n|move|p1b: Arcanine|Flare Blitz|p2b: Tsareena\n|-supereffective|p2b: Tsareena|1\n|-damage|p2b: Tsareena|0 fnt\n|faint|p2b: Tsareena\n|-damage|p1b: Arcanine|76/100|[from] Recoil\n|\n|upkeep\n|\n|t:|1776175310\n|switch|p2a: Excadrill|Excadrill, L50, M, shiny|100/100\n|switch|p2b: Primarina|Primarina, L50, F|100/100\n|-ability|p2a: Excadrill|Mold Breaker\n|turn|2\n|\n|t:|1776175323\n|move|p1b: Arcanine|Protect|p1b: Arcanine\n|-singleturn|p1b: Arcanine|Protect\n|move|p2b: Primarina|Protect|p2b: Primarina\n|-singleturn|p2b: Primarina|Protect\n|move|p1a: Whimsicott|Tailwind|p1a: Whimsicott\n|-sidestart|p1: Jeremykhoo|move: Tailwind\n|move|p2a: Excadrill|Earthquake|p1b: Arcanine|[spread] p1a\n|-activate|p2b: Primarina|move: Protect\n|-activate|p1b: Arcanine|move: Protect\n|-resisted|p1a: Whimsicott|1\n|-damage|p1a: Whimsicott|75/100\n|\n|upkeep\n|turn|3\n|\n|t:|1776175342\n|move|p1a: Whimsicott|Encore|p2b: Primarina\n|-start|p2b: Primarina|Encore\n|move|p2b: Primarina|Protect||[still]\n|-fail|p2b: Primarina\n|move|p1b: Arcanine|Overheat|p2a: Excadrill\n|-supereffective|p2a: Excadrill|1\n|-damage|p2a: Excadrill|0 fnt\n|-unboost|p1b: Arcanine|spa|2\n|faint|p2a: Excadrill\n|\n|upkeep\n|turn|4\n|-message|Mikitrash forfeited.\n|\n|win|Jeremykhoo\n|raw|Jeremykhoo's rating: 1117 &rarr; <strong>1144</strong><br />(+27 for winning)\n|raw|Mikitrash's rating: 1146 &rarr; <strong>1119</strong><br />(-27 for losing)\n|l|\u2606Mikitrash\n|player|p2|\n",
  "uploadtime": 1776175355,
  "views": 16,
  "formatid": "gen9championsvgc2026regma",
  "rating": 1119,
  "private": 0,
  "password": null
}