{
  "id": "gen9championsvgc2026regma-2580437122",
  "format": "[Gen 9 Champions] VGC 2026 Reg M-A",
  "players": [
    "biludbilud",
    "Siloserd"
  ],
  "log": "|j|\u2606biludbilud\n|j|\u2606Siloserd\n|t:|1775896407\n|gametype|doubles\n|player|p1|biludbilud|dawn|1042\n|player|p2|Siloserd|pokefanf-gen4|1025\n|gen|9\n|tier|[Gen 9 Champions] VGC 2026 Reg M-A\n|rated|\n|rule|Species Clause: Limit one of each Pok\u00e9mon\n|rule|Item Clause: Limit 1 of each item\n|clearpoke\n|poke|p1|Charizard, L50, M|\n|poke|p1|Sneasler, L50, M|\n|poke|p1|Basculegion, L50, M|\n|poke|p1|Garchomp, L50, M|\n|poke|p1|Incineroar, L50, F|\n|poke|p1|Venusaur, L50, F|\n|poke|p2|Tinkaton, L50, F|\n|poke|p2|Glimmora, L50, F|\n|poke|p2|Palafin, L50, F|\n|poke|p2|Arcanine-Hisui, L50, F|\n|poke|p2|Kingambit, L50, M|\n|poke|p2|Rotom-Wash, L50|\n|teampreview|4\n|inactive|Battle timer is ON: inactive players will automatically lose when time's up. (requested by biludbilud)\n|\n|t:|1775896429\n|teamsize|p1|4\n|teamsize|p2|4\n|start\n|switch|p1a: Charizard|Charizard, L50, M|100/100\n|switch|p1b: Venusaur|Venusaur, L50, F|100/100\n|switch|p2a: Arcanine|Arcanine-Hisui, L50, F|100/100\n|switch|p2b: Glimmora|Glimmora, L50, F|100/100\n|-ability|p2a: Arcanine|Intimidate|boost\n|-unboost|p1a: Charizard|atk|1\n|-unboost|p1b: Venusaur|atk|1\n|turn|1\n|\n|t:|1775896452\n|switch|p1a: Garchomp|Garchomp, L50, M|100/100\n|detailschange|p2b: Glimmora|Glimmora-Mega, L50, F\n|-mega|p2b: Glimmora|Glimmora|Glimmoranite\n|move|p2b: Glimmora|Sludge Bomb|p1b: Venusaur\n|-damage|p1b: Venusaur|23/100\n|move|p1b: Venusaur|Earth Power|p2a: Arcanine\n|-supereffective|p2a: Arcanine|2\n|-damage|p2a: Arcanine|0 fnt\n|faint|p2a: Arcanine\n|\n|upkeep\n|\n|t:|1775896463\n|switch|p2a: Tinkaton|Tinkaton, L50, F|100/100\n|-ability|p2a: Tinkaton|Mold Breaker\n|turn|2\n|\n|t:|1775896476\n|switch|p1b: Sneasler|Sneasler, L50, M|100/100\n|move|p1a: Garchomp|Protect|p1a: Garchomp\n|-singleturn|p1a: Garchomp|Protect\n|move|p2a: Tinkaton|Fake Out|p1a: Garchomp\n|-activate|p1a: Garchomp|move: Protect\n|move|p2b: Glimmora|Sludge Bomb|p1b: Sneasler\n|-resisted|p1b: Sneasler|1\n|-damage|p1b: Sneasler|50/100\n|\n|upkeep\n|turn|3\n|inactive|Siloserd has 30 seconds left.\n|\n|t:|1775896509\n|move|p1b: Sneasler|Protect|p1b: Sneasler\n|-singleturn|p1b: Sneasler|Protect\n|move|p2b: Glimmora|Flash Cannon|p1a: Garchomp\n|-damage|p1a: Garchomp|68/100\n|move|p1a: Garchomp|Earthquake|p2b: Glimmora|[spread] p2a,p2b\n|-activate|p1b: Sneasler|move: Protect\n|-supereffective|p2a: Tinkaton|1\n|-supereffective|p2b: Glimmora|2\n|-damage|p2a: Tinkaton|24/100\n|-damage|p2b: Glimmora|0 fnt\n|faint|p2b: Glimmora\n|move|p2a: Tinkaton|Play Rough|p1a: Garchomp\n|-supereffective|p1a: Garchomp|1\n|-damage|p1a: Garchomp|16/100\n|-damage|p2a: Tinkaton|12/100|[from] ability: Rough Skin|[of] p1a: Garchomp\n|\n|-heal|p2a: Tinkaton|18/100|[from] item: Leftovers\n|upkeep\n|\n|t:|1775896523\n|switch|p2b: Kingambit|Kingambit, L50, M|100/100\n|turn|4\n|-message|Siloserd forfeited.\n|\n|win|biludbilud\n|raw|biludbilud's rating: 1042 &rarr; <strong>1074</strong><br />(+32 for winning)\n|raw|Siloserd's rating: 1025 &rarr; <strong>1012</strong><br />(-13 for losing)\n|l|\u2606Siloserd\n|player|p2|\n",
  "uploadtime": 1775896532,
  "views": 30,
  "formatid": "gen9championsvgc2026regma",
  "rating": 1012,
  "private": 0,
  "password": null
}