{
  "id": "gen9championsvgc2026regma-2582594272",
  "format": "[Gen 9 Champions] VGC 2026 Reg M-A",
  "players": [
    "bighamsterbaseball",
    "kekw 67"
  ],
  "log": "|j|\u2606bighamsterbaseball\n|j|\u2606kekw 67\n|t:|1776101502\n|gametype|doubles\n|player|p1|bighamsterbaseball|pokemaniac|1085\n|player|p2|kekw 67|lucas|1047\n|gen|9\n|tier|[Gen 9 Champions] VGC 2026 Reg M-A\n|rated|\n|rule|Species Clause: Limit one of each Pok\u00e9mon\n|rule|Item Clause: Limit 1 of each item\n|clearpoke\n|poke|p1|Glimmora, L50, M|\n|poke|p1|Tinkaton, L50, F|\n|poke|p1|Hydreigon, L50, M|\n|poke|p1|Pelipper, L50, F|\n|poke|p1|Basculegion, L50, M|\n|poke|p1|Tauros-Paldea-Aqua, L50, M|\n|poke|p2|Gardevoir, L50, F|\n|poke|p2|Incineroar, L50, F|\n|poke|p2|Tauros-Paldea-Aqua, L50, M|\n|poke|p2|Sinistcha, L50|\n|poke|p2|Aerodactyl, L50, M|\n|poke|p2|Garchomp, L50, F|\n|teampreview|4\n|inactive|Battle timer is ON: inactive players will automatically lose when time's up. (requested by kekw 67)\n|inactive|bighamsterbaseball has 60 seconds left.\n|inactive|kekw 67 has 60 seconds left.\n|\n|t:|1776101560\n|teamsize|p1|4\n|teamsize|p2|4\n|start\n|switch|p1a: Tinkaton|Tinkaton, L50, F|100/100\n|switch|p1b: Hydreigon|Hydreigon, L50, M|100/100\n|switch|p2a: Aerodactyl|Aerodactyl, L50, M, shiny|100/100\n|switch|p2b: Garchomp|Garchomp, L50, F|100/100\n|-ability|p2a: Aerodactyl|Unnerve\n|-ability|p1a: Tinkaton|Mold Breaker\n|turn|1\n|inactive|bighamsterbaseball has 30 seconds left.\n|inactive|kekw 67 has 30 seconds left.\n|\n|t:|1776101593\n|move|p1a: Tinkaton|Fake Out|p2a: Aerodactyl\n|-resisted|p2a: Aerodactyl|1\n|-damage|p2a: Aerodactyl|94/100\n|cant|p2a: Aerodactyl|flinch\n|move|p2b: Garchomp|Scale Shot|p1b: Hydreigon\n|-supereffective|p1b: Hydreigon|1\n|-damage|p1b: Hydreigon|69/100\n|-supereffective|p1b: Hydreigon|1\n|-damage|p1b: Hydreigon|39/100\n|-supereffective|p1b: Hydreigon|1\n|-damage|p1b: Hydreigon|9/100\n|-supereffective|p1b: Hydreigon|1\n|-crit|p1b: Hydreigon\n|-damage|p1b: Hydreigon|0 fnt\n|faint|p1b: Hydreigon\n|-hitcount|p1: Hydreigon|4\n|-unboost|p2b: Garchomp|def|1\n|-boost|p2b: Garchomp|spe|1\n|\n|upkeep\n|-message|bighamsterbaseball forfeited.\n|\n|win|kekw 67\n|raw|bighamsterbaseball's rating: 1085 &rarr; <strong>1060</strong><br />(-25 for losing)\n|raw|kekw 67's rating: 1047 &rarr; <strong>1084</strong><br />(+37 for winning)\n|l|\u2606bighamsterbaseball\n|player|p1|\n",
  "uploadtime": 1776101613,
  "views": 18,
  "formatid": "gen9championsvgc2026regma",
  "rating": 1060,
  "private": 0,
  "password": null
}