{
  "id": "gen9championsvgc2026regma-2585496320",
  "format": "[Gen 9 Champions] VGC 2026 Reg M-A",
  "players": [
    "josiah12345",
    "Crash0utVGC"
  ],
  "log": "|j|\u2606josiah12345\n|j|\u2606Crash0utVGC\n|t:|1776351455\n|gametype|doubles\n|player|p1|josiah12345|102|1180\n|player|p2|Crash0utVGC|colress|1088\n|gen|9\n|tier|[Gen 9 Champions] VGC 2026 Reg M-A\n|rated|\n|rule|Species Clause: Limit one of each Pok\u00e9mon\n|rule|Item Clause: Limit 1 of each item\n|clearpoke\n|poke|p1|Archaludon, L50, F|\n|poke|p1|Pelipper, L50, F|\n|poke|p1|Meganium, L50, F|\n|poke|p1|Politoed, L50, F|\n|poke|p1|Dragapult, L50, F|\n|poke|p1|Sneasler, L50, F|\n|poke|p2|Aggron, L50, F|\n|poke|p2|Pelipper, L50, F|\n|poke|p2|Incineroar, L50, M|\n|poke|p2|Sinistcha, L50|\n|poke|p2|Basculegion, L50, M|\n|poke|p2|Manectric, L50, M|\n|teampreview|4\n|\n|t:|1776351508\n|teamsize|p1|4\n|teamsize|p2|4\n|start\n|switch|p1a: Archaludon|Archaludon, L50, F, shiny|100/100\n|switch|p1b: Pelipper|Pelipper, L50, F|100/100\n|switch|p2a: Pelipper|Pelipper, L50, F|100/100\n|switch|p2b: Basculegion|Basculegion, L50, M|100/100\n|-weather|RainDance|[from] ability: Drizzle|[of] p1b: Pelipper\n|turn|1\n|-message|Crash0utVGC forfeited.\n|\n|win|josiah12345\n|raw|josiah12345's rating: 1180 &rarr; <strong>1199</strong><br />(+19 for winning)\n|raw|Crash0utVGC's rating: 1088 &rarr; <strong>1071</strong><br />(-17 for losing)\n",
  "uploadtime": 1776351512,
  "views": 24,
  "formatid": "gen9championsvgc2026regma",
  "rating": 1071,
  "private": 0,
  "password": null
}