{
  "id": "gen9championsvgc2026regma-2586965294",
  "format": "[Gen 9 Champions] VGC 2026 Reg M-A",
  "players": [
    "RaupyMaster",
    "WildMax"
  ],
  "log": "|j|\u2606RaupyMaster\n|j|\u2606WildMax\n|t:|1776476332\n|gametype|doubles\n|player|p1|RaupyMaster|169|1024\n|player|p2|WildMax|1|1000\n|gen|9\n|tier|[Gen 9 Champions] VGC 2026 Reg M-A\n|rated|\n|rule|Species Clause: Limit one of each Pok\u00e9mon\n|rule|Item Clause: Limit 1 of each item\n|clearpoke\n|poke|p1|Sinistcha, L50|\n|poke|p1|Excadrill, L50, F|\n|poke|p1|Dragonite, L50, F|\n|poke|p1|Venusaur, L50, F|\n|poke|p1|Mimikyu, L50, F|\n|poke|p1|Gengar, L50, F|\n|poke|p2|Sneasler, L50, M|\n|poke|p2|Meganium, L50, M|\n|poke|p2|Ninetales-Alola, L50, F|\n|poke|p2|Gengar, L50, F|\n|poke|p2|Politoed, L50, F|\n|poke|p2|Maushold, L50|\n|teampreview|4\nRaupyMaster rejected open team sheets.\n|inactive|Battle timer is ON: inactive players will automatically lose when time's up. (requested by RaupyMaster)\n|\n|t:|1776476391\n|teamsize|p1|4\n|teamsize|p2|4\n|start\n|switch|p1a: Mimikyu|Mimikyu, L50, F|100/100\n|switch|p1b: Venusaur|Venusaur, L50, F|100/100\n|switch|p2a: Sneasler|Sneasler, L50, M|100/100\n|switch|p2b: Ninetales|Ninetales-Alola, L50, F|100/100\n|-weather|Snowscape|[from] ability: Snow Warning|[of] p2b: Ninetales\n|turn|1\n|inactive|RaupyMaster has 30 seconds left.\n|inactive|WildMax has 30 seconds left.\n|inactive|RaupyMaster has 20 seconds left.\n|inactive|WildMax has 20 seconds left.\n|inactive|RaupyMaster has 15 seconds left.\n|inactive|WildMax has 15 seconds left.\n|inactive|RaupyMaster has 10 seconds left.\n|\n|t:|1776476437\n|move|p2b: Ninetales|Protect|p2b: Ninetales\n|-singleturn|p2b: Ninetales|Protect\n|move|p1b: Venusaur|Protect|p1b: Venusaur\n|-singleturn|p1b: Venusaur|Protect\n|move|p2a: Sneasler|Dire Claw|p1a: Mimikyu\n|-activate|p1a: Mimikyu|ability: Disguise\n|-damage|p1a: Mimikyu|100/100\n|-status|p1a: Mimikyu|slp\n|detailschange|p1a: Mimikyu|Mimikyu-Busted, L50, F\n|-damage|p1a: Mimikyu|88/100 slp|[from] pokemon: Mimikyu-Busted\n|cant|p1a: Mimikyu|slp\n|\n|-weather|Snowscape|[upkeep]\n|-heal|p1a: Mimikyu|94/100 slp|[from] item: Leftovers\n|upkeep\n|turn|2\n|inactive|RaupyMaster has 30 seconds left.\n|inactive|WildMax has 30 seconds left.\n|\n|t:|1776476463\n|detailschange|p1b: Venusaur|Venusaur-Mega, L50, F\n|-mega|p1b: Venusaur|Venusaur|Venusaurite\n|move|p2a: Sneasler|Dire Claw|p1b: Venusaur\n|-damage|p1b: Venusaur|73/100\n|-status|p1b: Venusaur|par\n|move|p2b: Ninetales|Encore|p1b: Venusaur\n|-start|p1b: Venusaur|Encore\n|move|p1b: Venusaur|Protect|p1b: Venusaur\n|-singleturn|p1b: Venusaur|Protect\n|-curestatus|p1a: Mimikyu|slp|[msg]\n|move|p1a: Mimikyu|Will-O-Wisp|p2a: Sneasler\n|-status|p2a: Sneasler|brn\n|\n|-weather|Snowscape|[upkeep]\n|-heal|p1a: Mimikyu|100/100|[from] item: Leftovers\n|-damage|p2a: Sneasler|95/100 brn|[from] brn\n|upkeep\n|turn|3\n|-message|RaupyMaster forfeited.\n|\n|win|WildMax\n|raw|RaupyMaster's rating: 1024 &rarr; <strong>1009</strong><br />(-15 for losing)\n|raw|WildMax's rating: 1000 &rarr; <strong>1043</strong><br />(+43 for winning)\n|l|\u2606RaupyMaster\n|player|p1|\n",
  "uploadtime": 1776476559,
  "views": 19,
  "formatid": "gen9championsvgc2026regma",
  "rating": 1009,
  "private": 0,
  "password": null
}