{
  "id": "gen9championsvgc2026regma-2584768894",
  "format": "[Gen 9 Champions] VGC 2026 Reg M-A",
  "players": [
    "pizzapete2006",
    "StrengPengu"
  ],
  "log": "|j|\u2606pizzapete2006\n|j|\u2606StrengPengu\n|html|<table width=\"100%\"><tr><td align=\"left\">pizzapete2006</td><td align=\"right\">StrengPengu</tr><tr><td align=\"left\"><i class=\"fa fa-circle-o\"></i> <i class=\"fa fa-circle-o\"></i> </td><td align=\"right\"><i class=\"fa fa-circle-o\"></i> <i class=\"fa fa-circle-o\"></i> </tr></table>\n|uhtml|bestof|<h2><strong>Game 1</strong> of <a href=\"/game-bestof3-gen9championsvgc2026regma-2584768893\">a best-of-3</a></h2>\n|t:|1776282338\n|gametype|doubles\n|player|p1|pizzapete2006|1|\n|player|p2|StrengPengu|ivor|\n|gen|9\n|tier|[Gen 9 Champions] VGC 2026 Reg M-A\n|rule|Species Clause: Limit one of each Pok\u00e9mon\n|rule|Item Clause: Limit 1 of each item\n|raw|<div class=\"infobox\"><details class=\"readmore\" open><summary><strong>1 custom rule:</strong></summary> Best of = 3</details></div>\n|clearpoke\n|poke|p1|Floette-Eternal, L50, F|\n|poke|p1|Maushold, L50|\n|poke|p1|Corviknight, L50, M|\n|poke|p1|Glimmora, L50, F|\n|poke|p1|Basculegion, L50, M|\n|poke|p1|Talonflame, L50, F|\n|poke|p2|Torkoal, L50, F|\n|poke|p2|Farigiraf, L50, M|\n|poke|p2|Golurk, L50|\n|poke|p2|Gardevoir, L50, M|\n|poke|p2|Kingambit, L50, M|\n|poke|p2|Rotom-Wash, L50|\n|teampreview|4\n|inactive|Battle timer is ON: inactive players will automatically lose when time's up. (requested by StrengPengu)\npizzapete2006 has agreed to open team sheets.\nStrengPengu has agreed to open team sheets.\n|showteam|p1|Floette-Eternal||Floettite|FlowerVeil|CalmMind,Moonblast,DazzlingGleam,Protect|||F|||50|]Maushold||SitrusBerry|FriendGuard|FollowMe,SuperFang,HelpingHand,Protect||||||50|]Corviknight||Leftovers|MirrorArmor|IronDefense,BraveBird,BodyPress,Protect|||M|||50|]Glimmora||Glimmoranite|ToxicDebris|EarthPower,SludgeBomb,PowerGem,SpikyShield|||F|||50|]Basculegion||MysticWater|Adaptability|AquaJet,WaveCrash,LastRespects,Protect|||M|||50|]Talonflame||FocusSash|GaleWings|Tailwind,DualWingbeat,FlareBlitz,Protect|||F|||50|\n|showteam|p2|Torkoal||Charcoal|Drought|Eruption,WeatherBall,EarthPower,Protect|||F|||50|]Farigiraf||SitrusBerry|ArmorTail|Psychic,HelpingHand,Protect,TrickRoom|||M|||50|]Golurk||Golurkite|IronFist|HeadlongRush,Poltergeist,DrainPunch,Protect||||||50|]Gardevoir||Gardevoirite|Trace|HyperVoice,Psychic,TrickRoom,Protect|||M|||50|]Kingambit||MetalCoat|Defiant|SuckerPunch,IronHead,LowKick,Protect|||M|||50|]Rotom-Wash||BrightPowder|Levitate|Thunderbolt,HydroPump,EerieImpulse,WillOWisp||||||50|\n|inactive|pizzapete2006 has 60 seconds left.\n|inactive|StrengPengu has 60 seconds left.\n|inactive|pizzapete2006 has 30 seconds left.\n|inactive|StrengPengu has 30 seconds left.\n|inactive|pizzapete2006 has 20 seconds left.\n|inactive|pizzapete2006 has 15 seconds left.\n|inactive|pizzapete2006 has 10 seconds left.\n|inactive|pizzapete2006 has 5 seconds left.\n|j| AlexVaz001\n|c|\u2606StrengPengu|my lead will be so fucked here rq\n|\n|t:|1776282429\n|teamsize|p1|4\n|teamsize|p2|4\n|start\n|switch|p1a: Floette|Floette-Eternal, L50, F|100/100\n|switch|p1b: Maushold|Maushold, L50|100/100\n|switch|p2a: Farigiraf|Farigiraf, L50, M|100/100\n|switch|p2b: Gardevoir|Gardevoir, L50, M|100/100\n|-ability|p2b: Gardevoir|Friend Guard|Trace|[from] ability: Trace|[of] p1b: Maushold\n|turn|1\n|inactive|pizzapete2006 has 30 seconds left.\n|inactive|StrengPengu has 30 seconds left.\n|c|\u2606pizzapete2006|i ran out of time on my lead\n|c|\u2606pizzapete2006|LMFAO\n|c|\u2606pizzapete2006|i was too busy reading your OTS\n|c|\u2606pizzapete2006|im so sorry this is scuffed\n|inactive|pizzapete2006 has 20 seconds left.\n|inactive|pizzapete2006 has 15 seconds left.\n|c|\u2606StrengPengu|all good ill throw\n|\n|t:|1776282474\n|detailschange|p1a: Floette|Floette-Mega, L50, F\n|-mega|p1a: Floette|Floette|Floettite\n|-ability|p1a: Floette|Fairy Aura\n|detailschange|p2b: Gardevoir|Gardevoir-Mega, L50, M\n|-mega|p2b: Gardevoir|Gardevoir|Gardevoirite\n|move|p2a: Farigiraf|Helping Hand|p2b: Gardevoir\n|-singleturn|p2b: Gardevoir|Helping Hand|[of] p2a: Farigiraf\n|move|p1b: Maushold|Super Fang|p2a: Farigiraf\n|-damage|p2a: Farigiraf|51/100\n|move|p1a: Floette|Calm Mind|p1a: Floette\n|-boost|p1a: Floette|spa|1\n|-boost|p1a: Floette|spd|1\n|move|p2b: Gardevoir|Hyper Voice|p1b: Maushold|[spread] p1a,p1b\n|-damage|p1a: Floette|49/100\n|-damage|p1b: Maushold|0 fnt\n|faint|p1b: Maushold\n|\n|upkeep\n|\n|t:|1776282495\n|switch|p1b: Corviknight|Corviknight, L50, M|100/100\n|turn|2\n|\n|t:|1776282517\n|move|p2b: Gardevoir|Protect|p2b: Gardevoir\n|-singleturn|p2b: Gardevoir|Protect\n|move|p1a: Floette|Moonblast|p2a: Farigiraf\n|-damage|p2a: Farigiraf|0 fnt\n|faint|p2a: Farigiraf\n|move|p1b: Corviknight|Iron Defense|p1b: Corviknight\n|-boost|p1b: Corviknight|def|2\n|\n|upkeep\n|c|\u2606StrengPengu|welp\n|\n|t:|1776282528\n|switch|p2a: Kingambit|Kingambit, L50, M|100/100\n|turn|3\n|c| AlexVaz001|That may have been the throw LOL\n|\n|t:|1776282543\n|move|p1a: Floette|Protect|p1a: Floette\n|-singleturn|p1a: Floette|Protect\n|move|p1b: Corviknight|Body Press|p2a: Kingambit\n|-supereffective|p2a: Kingambit|2\n|-damage|p2a: Kingambit|0 fnt\n|faint|p2a: Kingambit\n|move|p2b: Gardevoir|Trick Room|p2b: Gardevoir\n|-fieldstart|move: Trick Room|[of] p2b: Gardevoir\n|\n|upkeep\n|\n|t:|1776282548\n|switch|p2a: Torkoal|Torkoal, L50, F|100/100\n|-weather|SunnyDay|[from] ability: Drought|[of] p2a: Torkoal\n|turn|4\n|c| AlexVaz001|Hyper voice did so much damage\n|c|\u2606pizzapete2006|felt like a pretty straightforward call on the protect there\n|c|\u2606pizzapete2006|but great trick room, i didnt expect that\n|c|\u2606StrengPengu|ty\n|inactive|pizzapete2006 has 30 seconds left.\n|inactive|pizzapete2006 has 20 seconds left.\n|c|\u2606StrengPengu|hv went crazy fairy aura boosts it even n opposite team\n|inactive|pizzapete2006 has 15 seconds left.\n|inactive|pizzapete2006 has 10 seconds left.\n|inactive|pizzapete2006 has 5 seconds left.\n|\n|t:|1776282598\n|switch|p1a: Glimmora|Glimmora, L50, F|100/100\n|move|p2a: Torkoal|Eruption|p1b: Corviknight|[spread] p1a,p1b\n|-resisted|p1a: Glimmora|1\n|-supereffective|p1b: Corviknight|1\n|-damage|p1a: Glimmora|47/100\n|-damage|p1b: Corviknight|0 fnt\n|faint|p1b: Corviknight\n|move|p2b: Gardevoir|Hyper Voice|p1a: Glimmora\n|-resisted|p1a: Glimmora|1\n|-damage|p1a: Glimmora|0 fnt\n|faint|p1a: Glimmora\n|\n|-weather|SunnyDay|[upkeep]\n|upkeep\n|\n|t:|1776282610\n|switch|p1a: Floette|Floette-Mega, L50, F|49/100\n|-ability|p1a: Floette|Fairy Aura\n|turn|5\n|\n|t:|1776282615\n|move|p2a: Torkoal|Eruption|p1a: Floette\n|-damage|p1a: Floette|0 fnt\n|faint|p1a: Floette\n|\n|win|StrengPengu\n|c|\u2606pizzapete2006|thats a shame\n|c|\u2606pizzapete2006|i wanted basculegion, not glimmora\n|inactive|pizzapete2006 has 30 seconds to confirm battle start!\n|inactive|StrengPengu has 30 seconds to confirm battle start!\n|c|\u2606StrengPengu|all g\n||pizzapete2006 is ready for game 2.\n||StrengPengu is ready for game 2.\n|uhtml|next|Next: <a href=\"/battle-gen9championsvgc2026regma-2584773043\"><strong>Game 2 of 3</strong></a>\n|l| AlexVaz001\n|l|\u2606pizzapete2006\n|player|p1|\n|n|\u2606StrengPengu|strengpengu\n|l|\u2606StrengPengu\n|player|p2|\n|j|\u2606pizzapete2006\n|player|p1|pizzapete2006|1|\n|l|\u2606pizzapete2006\n|player|p1|\n|j|\u2606pizzapete2006\n|player|p1|pizzapete2006|1|\n",
  "uploadtime": 1776287301,
  "views": 34,
  "formatid": "gen9championsvgc2026regma",
  "rating": null,
  "private": 0,
  "password": null
}