{
  "id": "gen9championsvgc2026regma-2588225816",
  "format": "[Gen 9 Champions] VGC 2026 Reg M-A",
  "players": [
    "Annie4U",
    "SDLT 2KRL March"
  ],
  "log": "|raw|<div class=\"broadcast-blue\"><strong>This battle is required to be public due to a player having a name starting with 'sdlt'.</div>\n|j|\u2606Annie4U\n|j|\u2606SDLT 2KRL March\n|t:|1776616010\n|gametype|doubles\n|player|p1|Annie4U|miku-water|1205\n|player|p2|SDLT 2KRL March|valerie|1216\n|gen|9\n|tier|[Gen 9 Champions] VGC 2026 Reg M-A\n|rated|\n|rule|Species Clause: Limit one of each Pok\u00e9mon\n|rule|Item Clause: Limit 1 of each item\n|clearpoke\n|poke|p1|Kangaskhan, L50, F|\n|poke|p1|Talonflame, L50, M|\n|poke|p1|Typhlosion-Hisui, L50, F|\n|poke|p1|Basculegion, L50, M|\n|poke|p1|Dragapult, L50, F|\n|poke|p1|Kingambit, L50, M|\n|poke|p2|Kangaskhan, L50, F, shiny|\n|poke|p2|Farigiraf, L50, M, shiny|\n|poke|p2|Talonflame, L50, M, shiny|\n|poke|p2|Floette-Eternal, L50, F|\n|poke|p2|Sneasler, L50, M, shiny|\n|poke|p2|Basculegion, L50, M|\n|teampreview|4\n|inactive|Battle timer is ON: inactive players will automatically lose when time's up. (requested by SDLT 2KRL March)\n|inactive|Annie4U also wants the timer to be on.\n|inactive|Annie4U has 60 seconds left.\n|\n|t:|1776616043\n|teamsize|p1|4\n|teamsize|p2|4\n|start\n|switch|p1a: Typhlosion|Typhlosion-Hisui, L50, F|100/100\n|switch|p1b: Basculegion|Basculegion, L50, M|100/100\n|switch|p2a: Ryoiki Tenkai|Farigiraf, L50, M, shiny|100/100\n|switch|p2b: Kangaskhan|Kangaskhan, L50, F, shiny|100/100\n|turn|1\n|\n|t:|1776616061\n|move|p2b: Kangaskhan|Fake Out|p1a: Typhlosion\n|-damage|p1a: Typhlosion|72/100\n|move|p1b: Basculegion|Wave Crash|p2a: Ryoiki Tenkai\n|-damage|p2a: Ryoiki Tenkai|24/100\n|-damage|p1b: Basculegion|73/100|[from] Recoil\n|cant|p1a: Typhlosion|flinch\n|move|p2a: Ryoiki Tenkai|Trick Room|p2a: Ryoiki Tenkai\n|-fieldstart|move: Trick Room|[of] p2a: Ryoiki Tenkai\n|\n|upkeep\n|turn|2\n|\n|t:|1776616075\n|detailschange|p2b: Kangaskhan|Kangaskhan-Mega, L50, F, shiny\n|-mega|p2b: Kangaskhan|Kangaskhan|Kangaskhanite\n|move|p2a: Ryoiki Tenkai|Shadow Ball|p1a: Typhlosion\n|-supereffective|p1a: Typhlosion|1\n|-damage|p1a: Typhlosion|0 fnt\n|faint|p1a: Typhlosion\n|move|p2b: Kangaskhan|Crunch|p1b: Basculegion\n|-supereffective|p1b: Basculegion|1\n|-damage|p1b: Basculegion|0 fnt\n|faint|p1b: Basculegion\n|-hitcount|p1: Basculegion|1\n|\n|upkeep\n|\n|t:|1776616083\n|switch|p1b: Kingambit|Kingambit, L50, M|100/100\n|switch|p1a: Kangaskhan|Kangaskhan, L50, F|100/100\n|turn|3\n|\n|t:|1776616096\n|detailschange|p1a: Kangaskhan|Kangaskhan-Mega, L50, F\n|-mega|p1a: Kangaskhan|Kangaskhan|Kangaskhanite\n|move|p1a: Kangaskhan|Protect|p1a: Kangaskhan\n|-singleturn|p1a: Kangaskhan|Protect\n|move|p1b: Kingambit|Kowtow Cleave|p2a: Ryoiki Tenkai\n|-supereffective|p2a: Ryoiki Tenkai|1\n|-enditem|p2a: Ryoiki Tenkai|Colbur Berry|[eat]\n|-enditem|p2a: Ryoiki Tenkai|Colbur Berry|[weaken]\n|-damage|p2a: Ryoiki Tenkai|0 fnt\n|faint|p2a: Ryoiki Tenkai\n|move|p2b: Kangaskhan|Hammer Arm|p1b: Kingambit\n|-supereffective|p1b: Kingambit|2\n|-damage|p1b: Kingambit|0 fnt\n|-unboost|p2b: Kangaskhan|spe|1\n|faint|p1b: Kingambit\n|-hitcount|p1: Kingambit|1\n|\n|upkeep\n|-message|Annie4U forfeited.\n|\n|win|SDLT 2KRL March\n|raw|Annie4U's rating: 1205 &rarr; <strong>1181</strong><br />(-24 for losing)\n|raw|SDLT 2KRL March's rating: 1216 &rarr; <strong>1240</strong><br />(+24 for winning)\n",
  "uploadtime": 1776616104,
  "views": 9,
  "formatid": "gen9championsvgc2026regma",
  "rating": 1181,
  "private": 0,
  "password": null
}