{
  "id": "gen9championsvgc2026regma-2584778204",
  "format": "[Gen 9 Champions] VGC 2026 Reg M-A",
  "players": [
    "pizzapete2006",
    "StrengPengu"
  ],
  "log": "|j|\u2606pizzapete2006\n|j|\u2606StrengPengu\n|html|<table width=\"100%\"><tr><td align=\"left\">pizzapete2006</td><td align=\"right\">StrengPengu</tr><tr><td align=\"left\"><i class=\"fa fa-circle-o\"></i> <i class=\"fa fa-circle-o\"></i> </td><td align=\"right\"><i class=\"fa fa-circle-o\"></i> <i class=\"fa fa-circle-o\"></i> </tr></table>\n|uhtml|bestof|<h2><strong>Game 1</strong> of <a href=\"/game-bestof3-gen9championsvgc2026regma-2584778203\">a best-of-3</a></h2>\n|t:|1776282991\n|gametype|doubles\n|player|p1|pizzapete2006|1|\n|player|p2|StrengPengu|ivor|\n|gen|9\n|tier|[Gen 9 Champions] VGC 2026 Reg M-A\n|rule|Species Clause: Limit one of each Pok\u00e9mon\n|rule|Item Clause: Limit 1 of each item\n|raw|<div class=\"infobox\"><details class=\"readmore\" open><summary><strong>1 custom rule:</strong></summary> Best of = 3</details></div>\n|clearpoke\n|poke|p1|Floette-Eternal, L50, F|\n|poke|p1|Maushold, L50|\n|poke|p1|Corviknight, L50, M|\n|poke|p1|Glimmora, L50, F|\n|poke|p1|Basculegion, L50, M|\n|poke|p1|Talonflame, L50, F|\n|poke|p2|Torkoal, L50, M|\n|poke|p2|Farigiraf, L50, M|\n|poke|p2|Golurk, L50|\n|poke|p2|Gardevoir, L50, F|\n|poke|p2|Kingambit, L50, M|\n|poke|p2|Rotom-Wash, L50|\n|teampreview|4\n|inactive|Battle timer is ON: inactive players will automatically lose when time's up. (requested by StrengPengu)\npizzapete2006 has agreed to open team sheets.\n|j| AlexVaz001\nStrengPengu has agreed to open team sheets.\n|showteam|p1|Floette-Eternal||Floettite|FlowerVeil|CalmMind,Moonblast,DazzlingGleam,Protect|||F|||50|]Maushold||SitrusBerry|FriendGuard|FollowMe,SuperFang,HelpingHand,Protect||||||50|]Corviknight||Leftovers|MirrorArmor|IronDefense,BraveBird,BodyPress,Protect|||M|||50|]Glimmora||Glimmoranite|ToxicDebris|EarthPower,SludgeBomb,PowerGem,SpikyShield|||F|||50|]Basculegion||MysticWater|Adaptability|AquaJet,WaveCrash,LastRespects,Protect|||M|||50|]Talonflame||FocusSash|GaleWings|Tailwind,DualWingbeat,FlareBlitz,Protect|||F|||50|\n|showteam|p2|Torkoal||Charcoal|Drought|Eruption,WeatherBall,EarthPower,Protect|||M|||50|]Farigiraf||SitrusBerry|ArmorTail|Psychic,HelpingHand,Protect,TrickRoom|||M|||50|]Golurk||Golurkite|IronFist|HeadlongRush,Poltergeist,DrainPunch,Protect||||||50|]Gardevoir||Gardevoirite|Trace|HyperVoice,Psychic,TrickRoom,Protect|||F|||50|]Kingambit||MetalCoat|Defiant|SuckerPunch,IronHead,LowKick,Protect|||M|||50|]Rotom-Wash||BrightPowder|Levitate|Thunderbolt,HydroPump,EerieImpulse,WillOWisp||||||50|\n|inactive|pizzapete2006 has 60 seconds left.\n|inactive|pizzapete2006 has 30 seconds left.\n|inactive|pizzapete2006 has 20 seconds left.\n|inactive|pizzapete2006 has 15 seconds left.\n|inactiveoff|Battle timer is now OFF.\n|\n|t:|1776283090\n|teamsize|p1|4\n|teamsize|p2|4\n|start\n|switch|p1a: Maushold|Maushold, L50|100/100\n|switch|p1b: Glimmora|Glimmora, L50, F|100/100\n|switch|p2a: Farigiraf|Farigiraf, L50, M|100/100\n|switch|p2b: Kingambit|Kingambit, L50, M|100/100\n|turn|1\n|c| AlexVaz001|Oh if anyone is interested, I found a link to someone that made immitation versions of the Wolfey book pages, if you wanna print some for note taking\n|c| AlexVaz001|and see if it fits you\n|c| AlexVaz001|idk if I should share in the group tho\n|\n|t:|1776283143\n|detailschange|p1b: Glimmora|Glimmora-Mega, L50, F\n|-mega|p1b: Glimmora|Glimmora|Glimmoranite\n|move|p2a: Farigiraf|Protect|p2a: Farigiraf\n|-singleturn|p2a: Farigiraf|Protect\n|move|p1a: Maushold|Super Fang|p2a: Farigiraf\n|-activate|p2a: Farigiraf|move: Protect\n|move|p1b: Glimmora|Earth Power|p2b: Kingambit\n|-supereffective|p2b: Kingambit|1\n|-damage|p2b: Kingambit|22/100\n|move|p2b: Kingambit|Iron Head|p1b: Glimmora\n|-supereffective|p1b: Glimmora|1\n|-damage|p1b: Glimmora|15/100\n|\n|upkeep\n|turn|2\n|c|\u2606StrengPengu|seems interesting i just dont know how to note take\n|\n|t:|1776283167\n|switch|p2b: Golurk|Golurk, L50|100/100\n|move|p1b: Glimmora|Spiky Shield|p1b: Glimmora\n|-singleturn|p1b: Glimmora|move: Protect\n|move|p1a: Maushold|Super Fang|p2a: Farigiraf\n|-damage|p2a: Farigiraf|51/100\n|move|p2a: Farigiraf|Trick Room|p2a: Farigiraf\n|-fieldstart|move: Trick Room|[of] p2a: Farigiraf\n|\n|upkeep\n|turn|3\n|\n|t:|1776283207\n|detailschange|p2b: Golurk|Golurk-Mega, L50\n|-mega|p2b: Golurk|Golurk|Golurkite\n|move|p1a: Maushold|Follow Me|p1a: Maushold\n|-singleturn|p1a: Maushold|move: Follow Me\n|move|p2b: Golurk|Drain Punch|p1a: Maushold\n|-supereffective|p1a: Maushold|1\n|-damage|p1a: Maushold|21/100\n|-enditem|p1a: Maushold|Sitrus Berry|[eat]\n|-heal|p1a: Maushold|46/100|[from] item: Sitrus Berry\n|move|p2a: Farigiraf|Psychic|p1a: Maushold\n|-damage|p1a: Maushold|0 fnt\n|faint|p1a: Maushold\n|move|p1b: Glimmora|Sludge Bomb|p2a: Farigiraf\n|-damage|p2a: Farigiraf|0 fnt\n|faint|p2a: Farigiraf\n|\n|upkeep\n|\n|t:|1776283223\n|switch|p2a: Kingambit|Kingambit, L50, M|22/100\n|switch|p1a: Corviknight|Corviknight, L50, M|100/100\n|turn|4\n|\n|t:|1776283252\n|switch|p2a: Torkoal|Torkoal, L50, M|100/100\n|-weather|SunnyDay|[from] ability: Drought|[of] p2a: Torkoal\n|switch|p1b: Basculegion|Basculegion, L50, M|100/100\n|move|p2b: Golurk|Headlong Rush|p1b: Basculegion\n|-damage|p1b: Basculegion|18/100\n|-unboost|p2b: Golurk|def|1\n|-unboost|p2b: Golurk|spd|1\n|move|p1a: Corviknight|Iron Defense|p1a: Corviknight\n|-boost|p1a: Corviknight|def|2\n|\n|-weather|SunnyDay|[upkeep]\n|upkeep\n|turn|5\n|\n|t:|1776283282\n|move|p1a: Corviknight|Protect|p1a: Corviknight\n|-singleturn|p1a: Corviknight|Protect\n|move|p1b: Basculegion|Aqua Jet|p2b: Golurk\n|-supereffective|p2b: Golurk|1\n|-damage|p2b: Golurk|62/100\n|move|p2a: Torkoal|Eruption|p1b: Basculegion|[spread] p1b\n|-activate|p1a: Corviknight|move: Protect\n|-resisted|p1b: Basculegion|1\n|-damage|p1b: Basculegion|0 fnt\n|faint|p1b: Basculegion\n|move|p2b: Golurk|Poltergeist|p1a: Corviknight\n|-activate|p1a: Corviknight|move: Protect\n|\n|-weather|SunnyDay|[upkeep]\n|upkeep\n|\n|t:|1776283295\n|switch|p1b: Glimmora|Glimmora-Mega, L50, F|15/100\n|turn|6\n|\n|t:|1776283307\n|move|p2a: Torkoal|Eruption|p1b: Glimmora|[spread] p1a,p1b\n|-supereffective|p1a: Corviknight|1\n|-resisted|p1b: Glimmora|1\n|-damage|p1a: Corviknight|0 fnt\n|-damage|p1b: Glimmora|0 fnt\n|faint|p1a: Corviknight\n|faint|p1b: Glimmora\n|\n|win|StrengPengu\n||pizzapete2006 is ready for game 2.\n||StrengPengu is ready for game 2.\n|uhtml|next|Next: <a href=\"/battle-gen9championsvgc2026regma-2584782799\"><strong>Game 2 of 3</strong></a>\n|l|\u2606pizzapete2006\n|player|p1|\n|n|\u2606StrengPengu|strengpengu\n|n| AlexVaz001|alexvaz001\n|l| AlexVaz001\n|l|\u2606StrengPengu\n|player|p2|\n|j|\u2606pizzapete2006\n|player|p1|pizzapete2006|1|\n|l|\u2606pizzapete2006\n|player|p1|\n|j|\u2606pizzapete2006\n|player|p1|pizzapete2006|1|\n",
  "uploadtime": 1776287425,
  "views": 31,
  "formatid": "gen9championsvgc2026regma",
  "rating": null,
  "private": 0,
  "password": null
}