{
  "id": "gen9championsvgc2026regma-2580834298",
  "format": "[Gen 9 Champions] VGC 2026 Reg M-A",
  "players": [
    "gallium1005",
    "Periquet"
  ],
  "log": "|j|\u2606gallium1005\n|j|\u2606Periquet\n|t:|1775936287\n|gametype|doubles\n|player|p1|gallium1005|hilbert|1028\n|player|p2|Periquet|swimmer-gen4|1013\n|gen|9\n|tier|[Gen 9 Champions] VGC 2026 Reg M-A\n|rated|\n|rule|Species Clause: Limit one of each Pok\u00e9mon\n|rule|Item Clause: Limit 1 of each item\n|clearpoke\n|poke|p1|Torkoal, L50, M|\n|poke|p1|Delphox, L50, F|\n|poke|p1|Garchomp, L50, F|\n|poke|p1|Typhlosion-Hisui, L50, M|\n|poke|p1|Whimsicott, L50, F|\n|poke|p1|Sneasler, L50, F|\n|poke|p2|Sinistcha, L50|\n|poke|p2|Basculegion, L50, M|\n|poke|p2|Sneasler, L50, F|\n|poke|p2|Dragonite, L50, F|\n|poke|p2|Archaludon, L50, M|\n|poke|p2|Pelipper, L50, M|\n|teampreview|4\n|inactive|Battle timer is ON: inactive players will automatically lose when time's up. (requested by Periquet)\n|inactive|Periquet has 60 seconds left.\n|\n|t:|1775936356\n|teamsize|p1|4\n|teamsize|p2|4\n|start\n|switch|p1a: Delphox|Delphox, L50, F|100/100\n|switch|p1b: Whimsicott|Whimsicott, L50, F|100/100\n|switch|p2a: Basculegion|Basculegion, L50, M, shiny|100/100\n|switch|p2b: Dragonite|Dragonite, L50, F|100/100\n|turn|1\n|\n|t:|1775936374\n|switch|p2a: Pelipper|Pelipper, L50, M|100/100\n|-weather|RainDance|[from] ability: Drizzle|[of] p2a: Pelipper\n|move|p1a: Delphox|Protect|p1a: Delphox\n|-singleturn|p1a: Delphox|Protect\n|move|p1b: Whimsicott|Tailwind|p1b: Whimsicott\n|-sidestart|p1: gallium1005|move: Tailwind\n|move|p2b: Dragonite|Tailwind|p2b: Dragonite\n|-sidestart|p2: Periquet|move: Tailwind\n|\n|-weather|RainDance|[upkeep]\n|upkeep\n|turn|2\n|inactive|gallium1005 has 30 seconds left.\n|\n|t:|1775936402\n|switch|p1b: Torkoal|Torkoal, L50, M|100/100\n|-weather|SunnyDay|[from] ability: Drought|[of] p1b: Torkoal\n|detailschange|p1a: Delphox|Delphox-Mega, L50, F\n|-mega|p1a: Delphox|Delphox|Delphoxite\n|move|p1a: Delphox|Psychic|p2b: Dragonite\n|-damage|p2b: Dragonite|41/100\n|move|p2b: Dragonite|Hurricane|p1b: Torkoal|[miss]\n|-miss|p2b: Dragonite|p1b: Torkoal\n|move|p2a: Pelipper|Hurricane|p1b: Torkoal\n|-damage|p1b: Torkoal|58/100\n|\n|-weather|SunnyDay|[upkeep]\n|upkeep\n|turn|3\n|inactive|gallium1005 has 30 seconds left.\n|inactive|Periquet has 30 seconds left.\n|-message|Periquet forfeited.\n|\n|win|gallium1005\n|raw|gallium1005's rating: 1028 &rarr; <strong>1062</strong><br />(+34 for winning)\n|raw|Periquet's rating: 1013 &rarr; <strong>1002</strong><br />(-11 for losing)\n|l|\u2606Periquet\n|player|p2|\n",
  "uploadtime": 1775936438,
  "views": 14,
  "formatid": "gen9championsvgc2026regma",
  "rating": 1002,
  "private": 0,
  "password": null
}