{
  "id": "gen9championsvgc2026regma-2583405785",
  "format": "[Gen 9 Champions] VGC 2026 Reg M-A",
  "players": [
    "hrell",
    "malucy"
  ],
  "log": "|j|\u2606hrell\n|j|\u2606malucy\n|t:|1776173474\n|gametype|doubles\n|player|p1|hrell|101|1150\n|player|p2|malucy|169|1057\n|gen|9\n|tier|[Gen 9 Champions] VGC 2026 Reg M-A\n|rated|\n|rule|Species Clause: Limit one of each Pok\u00e9mon\n|rule|Item Clause: Limit 1 of each item\n|clearpoke\n|poke|p1|Archaludon, L50, F|\n|poke|p1|Pelipper, L50, F|\n|poke|p1|Floette-Eternal, L50, F|\n|poke|p1|Sinistcha, L50|\n|poke|p1|Meganium, L50, M|\n|poke|p1|Incineroar, L50, M|\n|poke|p2|Espathra, L50, M|\n|poke|p2|Meowstic, L50, M|\n|poke|p2|Sneasler, L50, M|\n|poke|p2|Aerodactyl, L50, F|\n|poke|p2|Farigiraf, L50, F|\n|poke|p2|Lucario, L50, M|\n|teampreview|4\n|\n|t:|1776173514\n|teamsize|p1|4\n|teamsize|p2|4\n|start\n|switch|p1a: Pelipper|Pelipper, L50, F|100/100\n|switch|p1b: Incineroar|Incineroar, L50, M|100/100\n|switch|p2a: Sneasler|Sneasler, L50, M|100/100\n|switch|p2b: Lucario|Lucario, L50, M|100/100\n|-weather|RainDance|[from] ability: Drizzle|[of] p1a: Pelipper\n|-ability|p1b: Incineroar|Intimidate|boost\n|-unboost|p2a: Sneasler|atk|1\n|-fail|p2b: Lucario|unboost|Attack|[from] ability: Inner Focus|[of] p2b: Lucario\n|-enditem|p2a: Sneasler|White Herb\n|-clearnegativeboost|p2a: Sneasler|[silent]\n|turn|1\n|\n|t:|1776173546\n|detailschange|p2b: Lucario|Lucario-Mega, L50, M\n|-mega|p2b: Lucario|Lucario|Lucarionite\n|move|p2a: Sneasler|Fake Out|p1a: Pelipper\n|-crit|p1a: Pelipper\n|-damage|p1a: Pelipper|69/100\n|move|p2b: Lucario|Upper Hand|p1b: Incineroar\n|-supereffective|p1b: Incineroar|1\n|-damage|p1b: Incineroar|8/100\n|-enditem|p1b: Incineroar|Sitrus Berry|[eat]\n|-heal|p1b: Incineroar|33/100|[from] item: Sitrus Berry\n|cant|p1b: Incineroar|flinch\n|cant|p1a: Pelipper|flinch\n|\n|-weather|RainDance|[upkeep]\n|upkeep\n|turn|2\n|\n|t:|1776173571\n|switch|p1a: Meganium|Meganium, L50, M|100/100\n|move|p2a: Sneasler|Dire Claw|p1a: Meganium\n|-supereffective|p1a: Meganium|1\n|-damage|p1a: Meganium|5/100\n|move|p2b: Lucario|Drain Punch|p1b: Incineroar\n|-supereffective|p1b: Incineroar|1\n|-damage|p1b: Incineroar|0 fnt\n|faint|p1b: Incineroar\n|\n|-weather|RainDance|[upkeep]\n|upkeep\n|-message|hrell forfeited.\n|\n|win|malucy\n|raw|hrell's rating: 1150 &rarr; <strong>1118</strong><br />(-32 for losing)\n|raw|malucy's rating: 1057 &rarr; <strong>1097</strong><br />(+40 for winning)\n|l|\u2606hrell\n|player|p1|\n",
  "uploadtime": 1776173585,
  "views": 12,
  "formatid": "gen9championsvgc2026regma",
  "rating": 1097,
  "private": 0,
  "password": null
}