{
  "id": "gen9championsvgc2026regma-2586668091",
  "format": "[Gen 9 Champions] VGC 2026 Reg M-A",
  "players": [
    "gennedlivesmatter",
    "TharoksVGC"
  ],
  "log": "|j|\u2606gennedlivesmatter\n|j|\u2606TharoksVGC\n|t:|1776450658\n|gametype|doubles\n|player|p1|gennedlivesmatter|scientist-gen4|1151\n|player|p2|TharoksVGC|hoopster|1066\n|gen|9\n|tier|[Gen 9 Champions] VGC 2026 Reg M-A\n|rated|\n|rule|Species Clause: Limit one of each Pok\u00e9mon\n|rule|Item Clause: Limit 1 of each item\n|clearpoke\n|poke|p1|Starmie, L50|\n|poke|p1|Sableye, L50, F|\n|poke|p1|Sneasler, L50, M|\n|poke|p1|Whimsicott, L50, F|\n|poke|p1|Volcarona, L50, M|\n|poke|p1|Milotic, L50, F|\n|poke|p2|Gallade, L50, M|\n|poke|p2|Floette-Eternal, L50, F|\n|poke|p2|Kingambit, L50, M|\n|poke|p2|Talonflame, L50, M|\n|poke|p2|Basculegion-F, L50, F|\n|poke|p2|Garchomp, L50, F|\n|teampreview|4\n|inactive|Battle timer is ON: inactive players will automatically lose when time's up. (requested by gennedlivesmatter)\n|inactive|gennedlivesmatter has 60 seconds left.\n|\n|t:|1776450702\n|teamsize|p1|4\n|teamsize|p2|4\n|start\n|switch|p1a: Sneasler|Sneasler, L50, M|100/100\n|switch|p1b: Starmie|Starmie, L50|100/100\n|switch|p2a: Talonflame|Talonflame, L50, M|100/100\n|switch|p2b: Basculegion|Basculegion-F, L50, F|100/100\n|turn|1\n|\n|t:|1776450723\n|detailschange|p1b: Starmie|Starmie-Mega, L50\n|-mega|p1b: Starmie|Starmie|Starminite\n|move|p2a: Talonflame|Protect|p2a: Talonflame\n|-singleturn|p2a: Talonflame|Protect\n|move|p2b: Basculegion|Shadow Ball|p1b: Starmie\n|-supereffective|p1b: Starmie|1\n|-damage|p1b: Starmie|0 fnt\n|faint|p1b: Starmie\n|move|p1a: Sneasler|Coaching|p1: Starmie|[notarget]\n|-fail|p1a: Sneasler\n|\n|upkeep\n|-message|gennedlivesmatter forfeited.\n|\n|win|TharoksVGC\n|raw|gennedlivesmatter's rating: 1151 &rarr; <strong>1120</strong><br />(-31 for losing)\n|raw|TharoksVGC's rating: 1066 &rarr; <strong>1103</strong><br />(+37 for winning)\n|l|\u2606gennedlivesmatter\n|player|p1|\n",
  "uploadtime": 1776450736,
  "views": 42,
  "formatid": "gen9championsvgc2026regma",
  "rating": 1103,
  "private": 0,
  "password": null
}