{
  "id": "gen9championsvgc2026regma-2581891576",
  "format": "[Gen 9 Champions] VGC 2026 Reg M-A",
  "players": [
    "Killian89",
    "neobree"
  ],
  "log": "|j|\u2606Killian89\n|j|\u2606neobree\n|t:|1776037243\n|gametype|doubles\n|player|p1|Killian89|266|1043\n|player|p2|neobree|dawn-contest|1040\n|gen|9\n|tier|[Gen 9 Champions] VGC 2026 Reg M-A\n|rated|\n|rule|Species Clause: Limit one of each Pok\u00e9mon\n|rule|Item Clause: Limit 1 of each item\n|clearpoke\n|poke|p1|Heliolisk, L50, M|\n|poke|p1|Pelipper, L50, M|\n|poke|p1|Blastoise, L50, F|\n|poke|p1|Basculegion, L50, M|\n|poke|p1|Clefable, L50, M|\n|poke|p1|Sneasler, L50, F|\n|poke|p2|Umbreon, L50, F|\n|poke|p2|Tyranitar, L50, M|\n|poke|p2|Hydreigon, L50, F|\n|poke|p2|Incineroar, L50, M|\n|poke|p2|Meowscarada, L50, F|\n|poke|p2|Greninja-*, L50, F|\n|teampreview|4\n|inactive|Battle timer is ON: inactive players will automatically lose when time's up. (requested by Killian89)\n|\n|t:|1776037284\n|teamsize|p1|4\n|teamsize|p2|4\n|start\n|switch|p1a: Heliolisk|Heliolisk, L50, M|100/100\n|switch|p1b: Pelipper|Pelipper, L50, M|100/100\n|switch|p2a: Meowscarada|Meowscarada, L50, F|100/100\n|switch|p2b: Greninja|Greninja, L50, F|100/100\n|-weather|RainDance|[from] ability: Drizzle|[of] p1b: Pelipper\n|turn|1\n|\n|t:|1776037308\n|detailschange|p2b: Greninja|Greninja-Mega, L50, F\n|-mega|p2b: Greninja|Greninja|Greninjite\n|move|p2b: Greninja|Ice Beam|p1b: Pelipper\n|-start|p2b: Greninja|typechange|Ice|[from] ability: Protean\n|-damage|p1b: Pelipper|20/100\n|move|p2a: Meowscarada|Flower Trick|p1b: Pelipper\n|-start|p2a: Meowscarada|typechange|Grass|[from] ability: Protean\n|-crit|p1b: Pelipper\n|-damage|p1b: Pelipper|0 fnt\n|faint|p1b: Pelipper\n|move|p1a: Heliolisk|Shed Tail|p1a: Heliolisk\n|-start|p1a: Heliolisk|Substitute|[from] move: Shed Tail\n|-damage|p1a: Heliolisk|50/100\n|-enditem|p1a: Heliolisk|Sitrus Berry|[eat]\n|-heal|p1a: Heliolisk|75/100|[from] item: Sitrus Berry\n|\n|t:|1776037326\n|switch|p1a: Blastoise|Blastoise, L50, F|100/100|[from] Shed Tail\n|\n|-weather|RainDance|[upkeep]\n|upkeep\n|\n|t:|1776037332\n|switch|p1b: Clefable|Clefable, L50, M|100/100\n|turn|2\n|\n|t:|1776037344\n|switch|p2b: Incineroar|Incineroar, L50, M|100/100\n|-ability|p2b: Incineroar|Intimidate|boost\n|-immune|p1a: Blastoise\n|-unboost|p1b: Clefable|atk|1\n|detailschange|p1a: Blastoise|Blastoise-Mega, L50, F\n|-mega|p1a: Blastoise|Blastoise|Blastoisinite\n|move|p1b: Clefable|Follow Me|p1b: Clefable\n|-singleturn|p1b: Clefable|move: Follow Me\n|move|p2a: Meowscarada|Flower Trick|p1b: Clefable\n|-crit|p1b: Clefable\n|-damage|p1b: Clefable|45/100\n|move|p1a: Blastoise|Shell Smash|p1a: Blastoise\n|-unboost|p1a: Blastoise|def|1\n|-unboost|p1a: Blastoise|spd|1\n|-boost|p1a: Blastoise|atk|2\n|-boost|p1a: Blastoise|spa|2\n|-boost|p1a: Blastoise|spe|2\n|\n|-weather|RainDance|[upkeep]\n|upkeep\n|turn|3\n|inactive|neobree has 30 seconds left.\n|inactive|neobree has 20 seconds left.\n|inactive|neobree has 15 seconds left.\n|inactive|neobree has 10 seconds left.\n|\n|t:|1776037391\n|move|p1b: Clefable|Follow Me|p1b: Clefable\n|-singleturn|p1b: Clefable|move: Follow Me\n|move|p1a: Blastoise|Water Spout|p2b: Incineroar|[spread] p2a,p2b\n|-resisted|p2a: Meowscarada|1\n|-crit|p2a: Meowscarada\n|-supereffective|p2b: Incineroar|1\n|-enditem|p2a: Meowscarada|Focus Sash\n|-damage|p2a: Meowscarada|1/100\n|-damage|p2b: Incineroar|0 fnt\n|faint|p2b: Incineroar\n|move|p2a: Meowscarada|Flower Trick|p1b: Clefable\n|-crit|p1b: Clefable\n|-damage|p1b: Clefable|0 fnt\n|faint|p1b: Clefable\n|\n|-weather|RainDance|[upkeep]\n|upkeep\n|\n|t:|1776037407\n|switch|p1b: Heliolisk|Heliolisk, L50, M|75/100\n|switch|p2b: Tyranitar|Tyranitar, L50, M|100/100\n|-weather|Sandstorm|[from] ability: Sand Stream|[of] p2b: Tyranitar\n|turn|4\n|-message|neobree forfeited.\n|\n|win|Killian89\n|raw|Killian89's rating: 1043 &rarr; <strong>1076</strong><br />(+33 for winning)\n|raw|neobree's rating: 1040 &rarr; <strong>1024</strong><br />(-16 for losing)\n",
  "uploadtime": 1776037421,
  "views": 17,
  "formatid": "gen9championsvgc2026regma",
  "rating": 1024,
  "private": 0,
  "password": null
}