{
  "id": "gen9championsvgc2026regma-2584707708",
  "format": "[Gen 9 Champions] VGC 2026 Reg M-A",
  "players": [
    "G37LVR",
    "bigruckus#1"
  ],
  "log": "|j|\u2606G37LVR\n|j|\u203dbigruckus#1\n|t:|1776278143\n|gametype|doubles\n|player|p1|G37LVR|265|1000\n|player|p2|bigruckus#1|169|1059\n|gen|9\n|tier|[Gen 9 Champions] VGC 2026 Reg M-A\n|rated|\n|rule|Species Clause: Limit one of each Pok\u00e9mon\n|rule|Item Clause: Limit 1 of each item\n|clearpoke\n|poke|p1|Archaludon, L50, F|\n|poke|p1|Quaquaval, L50, F|\n|poke|p1|Mimikyu, L50, F|\n|poke|p1|Pelipper, L50, M|\n|poke|p1|Rhyperior, L50, F|\n|poke|p1|Incineroar, L50, M|\n|poke|p2|Aggron, L50, M|\n|poke|p2|Incineroar, L50, F|\n|poke|p2|Pelipper, L50, F|\n|poke|p2|Basculegion, L50, M|\n|poke|p2|Sinistcha, L50|\n|poke|p2|Aerodactyl, L50, M|\n|teampreview|4\nbigruckus#1 rejected open team sheets.\n|\n|t:|1776278212\n|teamsize|p1|4\n|teamsize|p2|4\n|start\n|switch|p1a: Mimikyu|Mimikyu, L50, F, shiny|100/100\n|switch|p1b: Quaquaval|Quaquaval, L50, F, shiny|100/100\n|switch|p2a: Aggron|Aggron, L50, M, shiny|100/100\n|switch|p2b: Incineroar|Incineroar, L50, F, shiny|100/100\n|-ability|p2b: Incineroar|Intimidate|boost\n|-unboost|p1a: Mimikyu|atk|1\n|-unboost|p1b: Quaquaval|atk|1\n|turn|1\n|\n|t:|1776278243\n|detailschange|p2a: Aggron|Aggron-Mega, L50, M, shiny\n|-mega|p2a: Aggron|Aggron|Aggronite\n|move|p1b: Quaquaval|Aqua Step|p2a: Aggron\n|-damage|p2a: Aggron|89/100\n|-boost|p1b: Quaquaval|spe|1\n|move|p2b: Incineroar|Parting Shot|p1b: Quaquaval\n|-unboost|p1b: Quaquaval|atk|1\n|-unboost|p1b: Quaquaval|spa|1\n|\n|t:|1776278257\n|switch|p2b: Pelipper|Pelipper, L50, F|100/100|[from] Parting Shot\n|-weather|RainDance|[from] ability: Drizzle|[of] p2b: Pelipper\n|move|p2a: Aggron|Iron Defense|p2a: Aggron\n|-boost|p2a: Aggron|def|2\n|move|p1a: Mimikyu|Trick Room|p1a: Mimikyu\n|-fieldstart|move: Trick Room|[of] p1a: Mimikyu\n|\n|-weather|RainDance|[upkeep]\n|upkeep\n|turn|2\n|\n|t:|1776278290\n|switch|p1a: Pelipper|Pelipper, L50, M, shiny|100/100\n|switch|p1b: Rhyperior|Rhyperior, L50, F, shiny|100/100\n|move|p2a: Aggron|Body Press|p1b: Rhyperior\n|-supereffective|p1b: Rhyperior|1\n|-damage|p1b: Rhyperior|0 fnt\n|faint|p1b: Rhyperior\n|move|p2b: Pelipper|Icy Wind|p1a: Pelipper\n|-damage|p1a: Pelipper|74/100\n|-unboost|p1a: Pelipper|spe|1\n|\n|-weather|RainDance|[upkeep]\n|upkeep\n|\n|t:|1776278299\n|switch|p1b: Quaquaval|Quaquaval, L50, F, shiny|100/100\n|turn|3\n|\n|t:|1776278312\n|move|p2a: Aggron|Body Press|p1b: Quaquaval\n|-damage|p1b: Quaquaval|0 fnt\n|faint|p1b: Quaquaval\n|move|p1a: Pelipper|Weather Ball|p2a: Aggron\n|-damage|p2a: Aggron|13/100\n|move|p2b: Pelipper|Hurricane|p1a: Pelipper\n|-damage|p1a: Pelipper|0 fnt\n|faint|p1a: Pelipper\n|\n|-weather|RainDance|[upkeep]\n|upkeep\n|-message|G37LVR forfeited.\n|\n|win|bigruckus#1\n|raw|G37LVR's rating: 1000 &rarr; <strong>1000</strong><br />(+0 for losing)\n|raw|bigruckus#1's rating: 1059 &rarr; <strong>1085</strong><br />(+26 for winning)\n|l|\u2606G37LVR\n|player|p1|\n",
  "uploadtime": 1776278465,
  "views": 35,
  "formatid": "gen9championsvgc2026regma",
  "rating": 1000,
  "private": 0,
  "password": null
}