{
  "id": "gen9championsvgc2026regma-2587652524",
  "format": "[Gen 9 Champions] VGC 2026 Reg M-A",
  "players": [
    "aLOIxUhh",
    "PyProd."
  ],
  "log": "|j|\u2606aLOIxUhh\n|j|\u2606PyProd.\n|t:|1776550613\n|gametype|doubles\n|player|p1|aLOIxUhh|cynthia-gen4|1192\n|player|p2|PyProd.|#lcplxiskittycommittee|1257\n|gen|9\n|tier|[Gen 9 Champions] VGC 2026 Reg M-A\n|rated|\n|rule|Species Clause: Limit one of each Pok\u00e9mon\n|rule|Item Clause: Limit 1 of each item\n|clearpoke\n|poke|p1|Froslass, L50, F|\n|poke|p1|Garchomp, L50, M|\n|poke|p1|Rotom-Frost, L50|\n|poke|p1|Empoleon, L50, F|\n|poke|p1|Incineroar, L50, F|\n|poke|p1|Kingambit, L50, M|\n|poke|p2|Aerodactyl, L50, F|\n|poke|p2|Garchomp, L50, F|\n|poke|p2|Floette-Eternal, L50, F|\n|poke|p2|Arcanine-Hisui, L50, F|\n|poke|p2|Sneasler, L50, M|\n|poke|p2|Rotom-Wash, L50|\n|teampreview|4\n|\n|t:|1776550640\n|teamsize|p1|4\n|teamsize|p2|4\n|start\n|switch|p1a: Froslass|Froslass, L50, F|100/100\n|switch|p1b: Incineroar|Incineroar, L50, F|100/100\n|switch|p2a: Floette|Floette-Eternal, L50, F|100/100\n|switch|p2b: Sneasler|Sneasler, L50, M|100/100\n|-ability|p2b: Sneasler|Pressure\n|-ability|p1b: Incineroar|Intimidate|boost\n|-unboost|p2a: Floette|atk|1\n|-unboost|p2b: Sneasler|atk|1\n|-enditem|p2b: Sneasler|White Herb\n|-clearnegativeboost|p2b: Sneasler|[silent]\n|turn|1\n|\n|t:|1776550660\n|detailschange|p1a: Froslass|Froslass-Mega, L50, F\n|-mega|p1a: Froslass|Froslass|Froslassite\n|-weather|Snowscape|[from] ability: Snow Warning|[of] p1a: Froslass\n|detailschange|p2a: Floette|Floette-Mega, L50, F\n|-mega|p2a: Floette|Floette|Floettite\n|-ability|p2a: Floette|Fairy Aura\n|move|p2b: Sneasler|Fake Out|p1b: Incineroar\n|-damage|p1b: Incineroar|86/100\n|cant|p1b: Incineroar|flinch\n|move|p1a: Froslass|Blizzard|p2a: Floette|[spread] p2a,p2b\n|-damage|p2a: Floette|57/100\n|-damage|p2b: Sneasler|26/100\n|move|p2a: Floette|Calm Mind|p2a: Floette\n|-boost|p2a: Floette|spa|1\n|-boost|p2a: Floette|spd|1\n|\n|-weather|Snowscape|[upkeep]\n|upkeep\n|turn|2\n|\n|t:|1776550678\n|move|p2b: Sneasler|Close Combat|p1b: Incineroar\n|-supereffective|p1b: Incineroar|1\n|-damage|p1b: Incineroar|0 fnt\n|-unboost|p2b: Sneasler|def|1\n|-unboost|p2b: Sneasler|spd|1\n|faint|p1b: Incineroar\n|move|p1a: Froslass|Blizzard|p2a: Floette|[spread] p2a,p2b\n|-damage|p2a: Floette|27/100\n|-damage|p2b: Sneasler|0 fnt\n|faint|p2b: Sneasler\n|move|p2a: Floette|Moonblast|p1a: Froslass\n|-damage|p1a: Froslass|0 fnt\n|faint|p1a: Froslass\n|\n|-weather|Snowscape|[upkeep]\n|upkeep\n|\n|t:|1776550696\n|switch|p2b: Rotom|Rotom-Wash, L50|100/100\n|switch|p1a: Rotom|Rotom-Frost, L50|100/100\n|switch|p1b: Garchomp|Garchomp, L50, M|100/100\n|turn|3\n|\n|t:|1776550709\n|move|p2a: Floette|Protect|p2a: Floette\n|-singleturn|p2a: Floette|Protect\n|move|p1a: Rotom|Blizzard|p2b: Rotom|[spread] p2b\n|-activate|p2a: Floette|move: Protect\n|-resisted|p2b: Rotom|1\n|-damage|p2b: Rotom|83/100\n|move|p1b: Garchomp|Earthquake|p2a: Floette|[spread] \n|-activate|p2a: Floette|move: Protect\n|-immune|p1a: Rotom|[from] ability: Levitate\n|-immune|p2b: Rotom|[from] ability: Levitate\n|move|p2b: Rotom|Will-O-Wisp|p1b: Garchomp\n|-status|p1b: Garchomp|brn\n|\n|-weather|Snowscape|[upkeep]\n|-damage|p1b: Garchomp|95/100 brn|[from] brn\n|upkeep\n|turn|4\n|\n|t:|1776550730\n|move|p1a: Rotom|Blizzard|p2a: Floette|[spread] p2a,p2b\n|-resisted|p2b: Rotom|1\n|-damage|p2a: Floette|6/100\n|-damage|p2b: Rotom|62/100\n|move|p2a: Floette|Dazzling Gleam|p1a: Rotom|[spread] p1a,p1b\n|-supereffective|p1b: Garchomp|1\n|-damage|p1a: Rotom|6/100\n|-damage|p1b: Garchomp|0 fnt\n|faint|p1b: Garchomp\n|move|p2b: Rotom|Hydro Pump|p1a: Rotom\n|-crit|p1a: Rotom\n|-damage|p1a: Rotom|0 fnt\n|faint|p1a: Rotom\n|\n|win|PyProd.\n|raw|aLOIxUhh's rating: 1192 &rarr; <strong>1172</strong><br />(-20 for losing)\n|raw|PyProd.'s rating: 1257 &rarr; <strong>1277</strong><br />(+20 for winning)\n|l|\u2606aLOIxUhh\n|player|p1|\n",
  "uploadtime": 1776550740,
  "views": 10,
  "formatid": "gen9championsvgc2026regma",
  "rating": 1172,
  "private": 0,
  "password": null
}