{
  "id": "gen9championsvgc2026regma-2584493801",
  "format": "[Gen 9 Champions] VGC 2026 Reg M-A",
  "players": [
    "faric",
    "On the wave now"
  ],
  "log": "|j|\u203dfaric\n|j|\u2606On the wave now\n|t:|1776264537\n|gametype|doubles\n|player|p1|faric|265|1241\n|player|p2|On the wave now|ruinmaniac|1285\n|gen|9\n|tier|[Gen 9 Champions] VGC 2026 Reg M-A\n|rated|\n|rule|Species Clause: Limit one of each Pok\u00e9mon\n|rule|Item Clause: Limit 1 of each item\n|clearpoke\n|poke|p1|Charizard, L50, F|\n|poke|p1|Garchomp, L50, F|\n|poke|p1|Rotom-Wash, L50|\n|poke|p1|Incineroar, L50, F|\n|poke|p1|Sneasler, L50, F|\n|poke|p1|Whimsicott, L50, M|\n|poke|p2|Tyranitar, L50, M|\n|poke|p2|Excadrill, L50, F|\n|poke|p2|Garchomp, L50, M|\n|poke|p2|Incineroar, L50, F|\n|poke|p2|Rotom-Wash, L50|\n|poke|p2|Milotic, L50, M|\n|teampreview|4\nOn the wave now has agreed to open team sheets.\n|inactive|Battle timer is ON: inactive players will automatically lose when time's up. (requested by On the wave now)\n|\n|t:|1776264582\n|teamsize|p1|4\n|teamsize|p2|4\n|start\n|switch|p1a: Charizard|Charizard, L50, F|100/100\n|switch|p1b: Incineroar|Incineroar, L50, F|100/100\n|switch|p2a: Rotom|Rotom-Wash, L50|100/100\n|switch|p2b: Garchomp|Garchomp, L50, M|100/100\n|-ability|p1b: Incineroar|Intimidate|boost\n|-unboost|p2a: Rotom|atk|1\n|-unboost|p2b: Garchomp|atk|1\n|turn|1\n|inactive|faric has 30 seconds left.\n|\n|t:|1776264610\n|detailschange|p1a: Charizard|Charizard-Mega-Y, L50, F\n|-mega|p1a: Charizard|Charizard|Charizardite Y\n|-weather|SunnyDay|[from] ability: Drought|[of] p1a: Charizard\n|move|p2b: Garchomp|Protect|p2b: Garchomp\n|-singleturn|p2b: Garchomp|Protect\n|move|p2a: Rotom|Protect|p2a: Rotom\n|-singleturn|p2a: Rotom|Protect\n|move|p1b: Incineroar|Fake Out|p2b: Garchomp\n|-activate|p2b: Garchomp|move: Protect\n|move|p1a: Charizard|Solar Beam||[still]\n|-prepare|p1a: Charizard|Solar Beam\n|-anim|p1a: Charizard|Solar Beam|p2a: Rotom\n|-activate|p2a: Rotom|move: Protect\n|\n|-weather|SunnyDay|[upkeep]\n|upkeep\n|turn|2\n|\n|t:|1776264633\n|switch|p1a: Whimsicott|Whimsicott, L50, M|100/100\n|move|p2b: Garchomp|Rock Slide|p1b: Incineroar|[spread] p1a,p1b\n|-supereffective|p1b: Incineroar|1\n|-damage|p1a: Whimsicott|80/100\n|-damage|p1b: Incineroar|74/100\n|move|p2a: Rotom|Discharge|p1a: Whimsicott|[spread] p1a,p1b\n|-immune|p2b: Garchomp\n|-resisted|p1a: Whimsicott|1\n|-damage|p1a: Whimsicott|57/100\n|-damage|p1b: Incineroar|50/100\n|-status|p1b: Incineroar|par\n|-enditem|p1b: Incineroar|Sitrus Berry|[eat]\n|-heal|p1b: Incineroar|75/100 par|[from] item: Sitrus Berry\n|cant|p1b: Incineroar|flinch\n|\n|-weather|SunnyDay|[upkeep]\n|upkeep\n|turn|3\n|inactive|faric has 30 seconds left.\n|\n|t:|1776264660\n|move|p2b: Garchomp|Rock Slide|p1b: Incineroar|[spread] p1a,p1b\n|-supereffective|p1b: Incineroar|1\n|-damage|p1a: Whimsicott|38/100\n|-damage|p1b: Incineroar|49/100 par\n|cant|p1a: Whimsicott|flinch\n|move|p2a: Rotom|Discharge|p1b: Incineroar|[spread] p1a,p1b\n|-immune|p2b: Garchomp\n|-resisted|p1a: Whimsicott|1\n|-damage|p1a: Whimsicott|16/100\n|-damage|p1b: Incineroar|24/100 par\n|cant|p1b: Incineroar|flinch\n|\n|-weather|SunnyDay|[upkeep]\n|upkeep\n|turn|4\n|inactive|faric has 30 seconds left.\n|-message|faric forfeited.\n|\n|win|On the wave now\n|raw|faric's rating: 1241 &rarr; <strong>1219</strong><br />(-22 for losing)\n|raw|On the wave now's rating: 1285 &rarr; <strong>1307</strong><br />(+22 for winning)\n",
  "uploadtime": 1776264693,
  "views": 53,
  "formatid": "gen9championsvgc2026regma",
  "rating": 1219,
  "private": 0,
  "password": null
}