{
  "id": "gen9championsvgc2026regma-2588178163",
  "format": "[Gen 9 Champions] VGC 2026 Reg M-A",
  "players": [
    "gdog6969",
    "Loafofgodlybread"
  ],
  "log": "|j|\u2606gdog6969\n|j|\u2606Loafofgodlybread\n|t:|1776611848\n|gametype|doubles\n|player|p1|gdog6969|170|1052\n|player|p2|Loafofgodlybread|grimsley|1113\n|gen|9\n|tier|[Gen 9 Champions] VGC 2026 Reg M-A\n|rated|\n|rule|Species Clause: Limit one of each Pok\u00e9mon\n|rule|Item Clause: Limit 1 of each item\n|clearpoke\n|poke|p1|Gardevoir, L50, M|\n|poke|p1|Kommo-o, L50, F|\n|poke|p1|Gengar, L50, F|\n|poke|p1|Farigiraf, L50, F|\n|poke|p1|Milotic, L50, M|\n|poke|p1|Sinistcha, L50|\n|poke|p2|Gengar, L50, M|\n|poke|p2|Politoed, L50, M|\n|poke|p2|Archaludon, L50, M|\n|poke|p2|Palafin, L50, M|\n|poke|p2|Incineroar, L50, F|\n|poke|p2|Sinistcha, L50|\n|teampreview|4\n|c|\u2606Loafofgodlybread|Uhh\n|c|\u2606Loafofgodlybread|Are you there?\n|inactive|Battle timer is ON: inactive players will automatically lose when time's up. (requested by Loafofgodlybread)\n|\n|t:|1776612008\n|teamsize|p1|4\n|teamsize|p2|4\n|start\n|switch|p1a: Kommo-o|Kommo-o, L50, F|100/100\n|switch|p1b: Milotic|Milotic, L50, M|100/100\n|switch|p2a: Sinistcha|Sinistcha, L50|100/100\n|switch|p2b: Forklift|Archaludon, L50, M|100/100\n|turn|1\n|inactiveoff|Battle timer is now OFF.\n|\n|t:|1776612026\n|move|p1a: Kommo-o|Clangorous Soul|p1a: Kommo-o\n|-boost|p1a: Kommo-o|atk|1\n|-boost|p1a: Kommo-o|def|1\n|-boost|p1a: Kommo-o|spa|1\n|-boost|p1a: Kommo-o|spd|1\n|-boost|p1a: Kommo-o|spe|1\n|-damage|p1a: Kommo-o|68/100\n|move|p2b: Forklift|Dragon Pulse|p1a: Kommo-o\n|-supereffective|p1a: Kommo-o|1\n|-crit|p1a: Kommo-o\n|-damage|p1a: Kommo-o|0 fnt\n|faint|p1a: Kommo-o\n|move|p1b: Milotic|Icy Wind|p2a: Sinistcha|[spread] p2a,p2b\n|-supereffective|p2a: Sinistcha|1\n|-damage|p2a: Sinistcha|70/100\n|-damage|p2b: Forklift|83/100\n|-unboost|p2a: Sinistcha|spe|1\n|-unboost|p2b: Forklift|spe|1\n|-ability|p2b: Forklift|Stamina|boost\n|-boost|p2b: Forklift|def|1\n|move|p2a: Sinistcha|Matcha Gotcha|p1b: Milotic\n|-supereffective|p1b: Milotic|1\n|-damage|p1b: Milotic|41/100\n|-heal|p2a: Sinistcha|99/100|[from] drain|[of] p1b: Milotic\n|\n|-heal|p1b: Milotic|47/100|[from] item: Leftovers\n|upkeep\n|-message|gdog6969 forfeited.\n|\n|win|Loafofgodlybread\n|raw|gdog6969's rating: 1052 &rarr; <strong>1037</strong><br />(-15 for losing)\n|raw|Loafofgodlybread's rating: 1113 &rarr; <strong>1134</strong><br />(+21 for winning)\n|l|\u2606gdog6969\n|player|p1|\n",
  "uploadtime": 1776612054,
  "views": 9,
  "formatid": "gen9championsvgc2026regma",
  "rating": 1037,
  "private": 0,
  "password": null
}