{
  "id": "gen9championsvgc2026regma-2580699556",
  "format": "[Gen 9 Champions] VGC 2026 Reg M-A",
  "players": [
    "Linux6969",
    "R0B2_VGC"
  ],
  "log": "|j|\u2606Linux6969\n|j|\u2606R0B2_VGC\n|t:|1775925302\n|gametype|doubles\n|player|p1|Linux6969|169|1054\n|player|p2|R0B2_VGC|1|1040\n|gen|9\n|tier|[Gen 9 Champions] VGC 2026 Reg M-A\n|rated|\n|rule|Species Clause: Limit one of each Pok\u00e9mon\n|rule|Item Clause: Limit 1 of each item\n|clearpoke\n|poke|p1|Gengar, L50, M|\n|poke|p1|Incineroar, L50, F|\n|poke|p1|Primarina, L50, F|\n|poke|p1|Dragapult, L50, F|\n|poke|p1|Blastoise, L50, F|\n|poke|p1|Altaria, L50, M|\n|poke|p2|Scizor, L50, M|\n|poke|p2|Dragonite, L50, F|\n|poke|p2|Politoed, L50, M|\n|poke|p2|Milotic, L50, F|\n|poke|p2|Sneasler, L50, M|\n|poke|p2|Incineroar, L50, M|\n|teampreview|4\n|\n|t:|1775925320\n|teamsize|p1|4\n|teamsize|p2|4\n|start\n|switch|p1a: Altaria|Altaria, L50, M|100/100\n|switch|p1b: Incineroar|Incineroar, L50, F|100/100\n|switch|p2a: Elis Regina|Milotic, L50, F|100/100\n|switch|p2b: Seu Jorge|Incineroar, L50, M|100/100\n|-ability|p1a: Altaria|Cloud Nine\n|-ability|p2b: Seu Jorge|Intimidate|boost\n|-unboost|p1a: Altaria|atk|1\n|-unboost|p1b: Incineroar|atk|1\n|-ability|p1b: Incineroar|Intimidate|boost\n|-unboost|p2a: Elis Regina|atk|1\n|-ability|p2a: Elis Regina|Competitive|boost\n|-boost|p2a: Elis Regina|spa|2\n|-unboost|p2b: Seu Jorge|atk|1\n|turn|1\n|\n|t:|1775925354\n|move|p2a: Elis Regina|Protect|p2a: Elis Regina\n|-singleturn|p2a: Elis Regina|Protect\n|move|p1b: Incineroar|Fake Out|p2a: Elis Regina\n|-activate|p2a: Elis Regina|move: Protect\n|move|p1a: Altaria|Perish Song|p1a: Altaria\n|-start|p1a: Altaria|perish3|[silent]\n|-start|p1b: Incineroar|perish3|[silent]\n|-start|p2a: Elis Regina|perish3|[silent]\n|-start|p2b: Seu Jorge|perish3|[silent]\n|-fieldactivate|move: Perish Song\n|move|p2b: Seu Jorge|Will-O-Wisp|p1a: Altaria\n|-status|p1a: Altaria|brn\n|\n|-damage|p1a: Altaria|94/100 brn|[from] brn\n|-start|p2a: Elis Regina|perish3\n|-start|p1a: Altaria|perish3\n|-start|p2b: Seu Jorge|perish3\n|-start|p1b: Incineroar|perish3\n|upkeep\n|turn|2\n|\n|t:|1775925379\n|switch|p1a: Gengar|Gengar, L50, M|100/100\n|switch|p2b: Tim Maia|Politoed, L50, M|100/100\n|-weather|RainDance|[from] ability: Drizzle|[of] p2b: Tim Maia\n|move|p2a: Elis Regina|Muddy Water|p1a: Gengar|[spread] p1a,p1b\n|-supereffective|p1b: Incineroar|1\n|-enditem|p1b: Incineroar|Passho Berry|[eat]\n|-enditem|p1b: Incineroar|Passho Berry|[weaken]\n|-damage|p1a: Gengar|0 fnt\n|-damage|p1b: Incineroar|15/100\n|-unboost|p1b: Incineroar|accuracy|1\n|faint|p1a: Gengar\n|move|p1b: Incineroar|Parting Shot|p2a: Elis Regina\n|-unboost|p2a: Elis Regina|atk|1\n|-ability|p2a: Elis Regina|Competitive|boost\n|-boost|p2a: Elis Regina|spa|2\n|-unboost|p2a: Elis Regina|spa|1\n|-ability|p2a: Elis Regina|Competitive|boost\n|-boost|p2a: Elis Regina|spa|2\n|-message|Linux6969 forfeited.\n|\n|win|R0B2_VGC\n|raw|Linux6969's rating: 1054 &rarr; <strong>1035</strong><br />(-19 for losing)\n|raw|R0B2_VGC's rating: 1040 &rarr; <strong>1075</strong><br />(+35 for winning)\n|l|\u2606Linux6969\n|player|p1|\n",
  "uploadtime": 1775925432,
  "views": 17,
  "formatid": "gen9championsvgc2026regma",
  "rating": 1035,
  "private": 0,
  "password": null
}