{
  "id": "gen9championsvgc2026regma-2586837414",
  "format": "[Gen 9 Champions] VGC 2026 Reg M-A",
  "players": [
    "pianta.png",
    "howie dewit"
  ],
  "log": "|j|\u2606pianta.png\n|j|\u2606howie dewit\n|t:|1776464077\n|gametype|doubles\n|player|p1|pianta.png|dawn-gen4pt|1036\n|player|p2|howie dewit|collector|1045\n|gen|9\n|tier|[Gen 9 Champions] VGC 2026 Reg M-A\n|rated|\n|rule|Species Clause: Limit one of each Pok\u00e9mon\n|rule|Item Clause: Limit 1 of each item\n|clearpoke\n|poke|p1|Gardevoir, L50, F|\n|poke|p1|Maushold-Four, L50|\n|poke|p1|Talonflame, L50, F|\n|poke|p1|Samurott-Hisui, L50, F|\n|poke|p1|Lucario, L50, F|\n|poke|p1|Serperior, L50, M|\n|poke|p2|Starmie, L50|\n|poke|p2|Pelipper, L50, M|\n|poke|p2|Sinistcha-Masterpiece, L50|\n|poke|p2|Beartic, L50, F|\n|poke|p2|Sneasler, L50, F|\n|poke|p2|Farigiraf, L50, M|\n|teampreview|4\n|inactive|Battle timer is ON: inactive players will automatically lose when time's up. (requested by pianta.png)\n|inactive|howie dewit has 60 seconds left.\n|\n|t:|1776464119\n|teamsize|p1|4\n|teamsize|p2|4\n|start\n|switch|p1a: Maushold|Maushold-Four, L50|100/100\n|switch|p1b: Gardevoir|Gardevoir, L50, F, shiny|100/100\n|switch|p2a: Starmie|Starmie, L50|100/100\n|switch|p2b: Pelipper|Pelipper, L50, M|100/100\n|-ability|p1b: Gardevoir|Drizzle|Trace|[from] ability: Trace|[of] p2b: Pelipper\n|-weather|RainDance|[from] ability: Drizzle|[of] p1b: Gardevoir\n|turn|1\n|inactive|pianta.png has 30 seconds left.\n|inactive|pianta.png has 20 seconds left.\n|\n|t:|1776464155\n|switch|p2b: Sinistcha|Sinistcha-Masterpiece, L50|100/100\n|detailschange|p2a: Starmie|Starmie-Mega, L50\n|-mega|p2a: Starmie|Starmie|Starminite\n|detailschange|p1b: Gardevoir|Gardevoir-Mega, L50, F, shiny\n|-mega|p1b: Gardevoir|Gardevoir|Gardevoirite\n|move|p2a: Starmie|Self-Destruct|p1a: Maushold|[spread] p1a,p1b\n|-immune|p2b: Sinistcha\n|-damage|p1a: Maushold|0 fnt\n|-damage|p1b: Gardevoir|0 fnt\n|faint|p2a: Starmie\n|faint|p1a: Maushold\n|faint|p1b: Gardevoir\n|\n|-weather|RainDance|[upkeep]\n|upkeep\n|c|\u2606pianta.png|that's funny\n|c|\u2606pianta.png|gg\n|-message|pianta.png forfeited.\n|\n|win|howie dewit\n|raw|pianta.png's rating: 1036 &rarr; <strong>1021</strong><br />(-15 for losing)\n|raw|howie dewit's rating: 1045 &rarr; <strong>1077</strong><br />(+32 for winning)\n",
  "uploadtime": 1776464182,
  "views": 43,
  "formatid": "gen9championsvgc2026regma",
  "rating": 1021,
  "private": 0,
  "password": null
}