{
  "id": "gen9championsvgc2026regma-2581804213",
  "format": "[Gen 9 Champions] VGC 2026 Reg M-A",
  "players": [
    "Mackyy",
    "tommygordo"
  ],
  "log": "|j|\u2606Mackyy\n|j|\u2606tommygordo\n|t:|1776029751\n|gametype|doubles\n|player|p1|Mackyy|102|1178\n|player|p2|tommygordo|101|1257\n|gen|9\n|tier|[Gen 9 Champions] VGC 2026 Reg M-A\n|rated|\n|rule|Species Clause: Limit one of each Pok\u00e9mon\n|rule|Item Clause: Limit 1 of each item\n|clearpoke\n|poke|p1|Delphox, L50, M|\n|poke|p1|Garchomp, L50, M|\n|poke|p1|Incineroar, L50, M|\n|poke|p1|Sneasler, L50, F|\n|poke|p1|Floette-Eternal, L50, F|\n|poke|p1|Kingambit, L50, M|\n|poke|p2|Drampa, L50, F|\n|poke|p2|Sinistcha, L50|\n|poke|p2|Sableye, L50, F|\n|poke|p2|Arcanine-Hisui, L50, M|\n|poke|p2|Sneasler, L50, F|\n|poke|p2|Kingambit, L50, M|\n|teampreview|4\n|inactive|Battle timer is ON: inactive players will automatically lose when time's up. (requested by tommygordo)\n|inactive|tommygordo has 60 seconds left.\n|\n|t:|1776029792\n|teamsize|p1|4\n|teamsize|p2|4\n|start\n|switch|p1a: Delphox|Delphox, L50, M|100/100\n|switch|p1b: Garchomp|Garchomp, L50, M|100/100\n|switch|p2a: Sableye|Sableye, L50, F|100/100\n|switch|p2b: Drampa|Drampa, L50, F|100/100\n|-ability|p2b: Drampa|Cloud Nine\n|turn|1\n|\n|t:|1776029808\n|detailschange|p1a: Delphox|Delphox-Mega, L50, M\n|-mega|p1a: Delphox|Delphox|Delphoxite\n|detailschange|p2b: Drampa|Drampa-Mega, L50, F\n|-mega|p2b: Drampa|Drampa|Drampanite\n|move|p2a: Sableye|Fake Out|p1b: Garchomp\n|-crit|p1b: Garchomp\n|-damage|p1b: Garchomp|90/100\n|-damage|p2a: Sableye|88/100|[from] ability: Rough Skin|[of] p1b: Garchomp\n|move|p1a: Delphox|Heat Wave|p2a: Sableye|[spread] p2a,p2b\n|-resisted|p2b: Drampa|1\n|-damage|p2a: Sableye|36/100\n|-damage|p2b: Drampa|84/100\n|cant|p1b: Garchomp|flinch\n|move|p2b: Drampa|Calm Mind|p2b: Drampa\n|-boost|p2b: Drampa|spa|1\n|-boost|p2b: Drampa|spd|1\n|\n|upkeep\n|turn|2\n|inactive|tommygordo has 30 seconds left.\n|\n|t:|1776029842\n|move|p2a: Sableye|Reflect|p2a: Sableye\n|-sidestart|p2: tommygordo|Reflect\n|move|p1a: Delphox|Psychic|p2b: Drampa\n|-damage|p2b: Drampa|56/100\n|move|p1b: Garchomp|Earthquake|p2b: Drampa|[spread] p2a,p2b\n|-immune|p1a: Delphox|[from] ability: Levitate\n|-damage|p2a: Sableye|4/100\n|-damage|p2b: Drampa|31/100\n|-ability|p2b: Drampa|Berserk|boost\n|-boost|p2b: Drampa|spa|1\n|move|p2b: Drampa|Hyper Voice|p1b: Garchomp|[spread] p1a,p1b\n|-damage|p1a: Delphox|20/100\n|-damage|p1b: Garchomp|0 fnt\n|faint|p1b: Garchomp\n|\n|upkeep\n|\n|t:|1776029859\n|switch|p1b: Sneasler|Sneasler, L50, F|100/100\n|turn|3\n|\n|t:|1776029876\n|move|p2b: Drampa|Protect|p2b: Drampa\n|-singleturn|p2b: Drampa|Protect\n|move|p1b: Sneasler|Fake Out|p2b: Drampa\n|-activate|p2b: Drampa|move: Protect\n|move|p2a: Sableye|Light Screen|p2a: Sableye\n|-sidestart|p2: tommygordo|move: Light Screen\n|move|p1a: Delphox|Heat Wave|p2b: Drampa|[spread] p2a\n|-activate|p2b: Drampa|move: Protect\n|-damage|p2a: Sableye|0 fnt\n|faint|p2a: Sableye\n|\n|upkeep\n|\n|t:|1776029886\n|switch|p2a: Sinistcha|Sinistcha, L50|100/100\n|-heal|p2b: Drampa|56/100|[from] ability: Hospitality|[of] p2a: Sinistcha\n|turn|4\n|\n|t:|1776029900\n|move|p2a: Sinistcha|Rage Powder|p2a: Sinistcha\n|-singleturn|p2a: Sinistcha|move: Rage Powder\n|move|p1a: Delphox|Encore|p2a: Sinistcha\n|-start|p2a: Sinistcha|Encore\n|move|p1b: Sneasler|Dire Claw|p2a: Sinistcha\n|-damage|p2a: Sinistcha|77/100\n|move|p2b: Drampa|Hyper Voice|p1a: Delphox|[spread] p1a,p1b\n|-damage|p1a: Delphox|0 fnt\n|-damage|p1b: Sneasler|0 fnt\n|faint|p1a: Delphox\n|faint|p1b: Sneasler\n|\n|upkeep\n|-message|Mackyy forfeited.\n|\n|win|tommygordo\n|raw|Mackyy's rating: 1178 &rarr; <strong>1159</strong><br />(-19 for losing)\n|raw|tommygordo's rating: 1257 &rarr; <strong>1276</strong><br />(+19 for winning)\n|l|\u2606Mackyy\n|player|p1|\n",
  "uploadtime": 1776029913,
  "views": 48,
  "formatid": "gen9championsvgc2026regma",
  "rating": 1159,
  "private": 0,
  "password": null
}