{
  "id": "gen9championsvgc2026regma-2584642097",
  "format": "[Gen 9 Champions] VGC 2026 Reg M-A",
  "players": [
    "Mulegator12",
    "Yashinon"
  ],
  "log": "|j|\u2606Mulegator12\n|j|\u2606Yashinon\n|t:|1776273952\n|gametype|doubles\n|player|p1|Mulegator12|2|1174\n|player|p2|Yashinon|2|1221\n|gen|9\n|tier|[Gen 9 Champions] VGC 2026 Reg M-A\n|rated|\n|rule|Species Clause: Limit one of each Pok\u00e9mon\n|rule|Item Clause: Limit 1 of each item\n|clearpoke\n|poke|p1|Scizor, L50, M|\n|poke|p1|Gardevoir, L50, M|\n|poke|p1|Milotic, L50, M|\n|poke|p1|Talonflame, L50, F|\n|poke|p1|Lopunny, L50, F|\n|poke|p1|Garchomp, L50, F|\n|poke|p2|Froslass, L50, F|\n|poke|p2|Aerodactyl, L50, F|\n|poke|p2|Garchomp, L50, M|\n|poke|p2|Rotom-Wash, L50|\n|poke|p2|Incineroar, L50, M|\n|poke|p2|Sinistcha-Masterpiece, L50|\n|teampreview|4\n|\n|t:|1776273991\n|teamsize|p1|4\n|teamsize|p2|4\n|start\n|switch|p1a: Scizor|Scizor, L50, M|100/100\n|switch|p1b: Garchomp|Garchomp, L50, F|100/100\n|switch|p2a: Aerodactyl|Aerodactyl, L50, F|100/100\n|switch|p2b: Garchomp|Garchomp, L50, M|100/100\n|turn|1\n|\n|t:|1776274017\n|move|p1a: Scizor|Bullet Punch|p2a: Aerodactyl\n|-supereffective|p2a: Aerodactyl|1\n|-enditem|p2a: Aerodactyl|Focus Sash\n|-damage|p2a: Aerodactyl|1/100\n|move|p2b: Garchomp|Earthquake|p1a: Scizor|[spread] p1a,p1b\n|-immune|p2a: Aerodactyl\n|-damage|p1a: Scizor|51/100\n|-damage|p1b: Garchomp|56/100\n|move|p2a: Aerodactyl|Dual Wingbeat|p1b: Garchomp\n|-damage|p1b: Garchomp|38/100\n|-damage|p2a: Aerodactyl|0 fnt|[from] ability: Rough Skin|[of] p1b: Garchomp\n|faint|p2a: Aerodactyl\n|-hitcount|p1b: Garchomp|1\n|move|p1b: Garchomp|Dragon Claw|p2b: Garchomp\n|-supereffective|p2b: Garchomp|1\n|-damage|p2b: Garchomp|13/100\n|-damage|p1b: Garchomp|26/100|[from] ability: Rough Skin|[of] p2b: Garchomp\n|\n|upkeep\n|\n|t:|1776274042\n|switch|p2a: Froslass|Froslass, L50, F|100/100\n|turn|2\n|\n|t:|1776274062\n|switch|p2b: Rotom|Rotom-Wash, L50|100/100\n|detailschange|p2a: Froslass|Froslass-Mega, L50, F\n|-mega|p2a: Froslass|Froslass|Froslassite\n|-weather|Snowscape|[from] ability: Snow Warning|[of] p2a: Froslass\n|move|p1a: Scizor|Bullet Punch|p2a: Froslass\n|-supereffective|p2a: Froslass|1\n|-damage|p2a: Froslass|23/100\n|move|p1b: Garchomp|Rock Slide|p2a: Froslass|[spread] p2a,p2b\n|-supereffective|p2a: Froslass|1\n|-damage|p2a: Froslass|0 fnt\n|-damage|p2b: Rotom|78/100\n|faint|p2a: Froslass\n|\n|-weather|Snowscape|[upkeep]\n|-heal|p2b: Rotom|84/100|[from] item: Leftovers\n|upkeep\n|\n|t:|1776274079\n|switch|p2a: Garchomp|Garchomp, L50, M|13/100\n|turn|3\n|\n|t:|1776274090\n|move|p1a: Scizor|Bullet Punch|p2a: Garchomp\n|-damage|p2a: Garchomp|0 fnt\n|-damage|p1a: Scizor|39/100|[from] ability: Rough Skin|[of] p2a: Garchomp\n|faint|p2a: Garchomp\n|move|p1b: Garchomp|Dragon Claw|p2b: Rotom\n|-damage|p2b: Rotom|36/100\n|move|p2b: Rotom|Hydro Pump|p1a: Scizor\n|-damage|p1a: Scizor|0 fnt\n|faint|p1a: Scizor\n|\n|-weather|Snowscape|[upkeep]\n|-heal|p2b: Rotom|42/100|[from] item: Leftovers\n|upkeep\n|\n|t:|1776274100\n|switch|p1a: Lopunny|Lopunny, L50, F|100/100\n|turn|4\n|-message|Yashinon forfeited.\n|\n|win|Mulegator12\n|raw|Mulegator12's rating: 1174 &rarr; <strong>1202</strong><br />(+28 for winning)\n|raw|Yashinon's rating: 1221 &rarr; <strong>1193</strong><br />(-28 for losing)\n|l|\u2606Yashinon\n|player|p2|\n",
  "uploadtime": 1776274107,
  "views": 37,
  "formatid": "gen9championsvgc2026regma",
  "rating": 1193,
  "private": 0,
  "password": null
}