{
  "id": "gen9championsvgc2026regma-2580463343",
  "format": "[Gen 9 Champions] VGC 2026 Reg M-A",
  "players": [
    "dandnd1",
    "cre7azn"
  ],
  "log": "|j|\u2606dandnd1\n|j|\u2606cre7azn\n|t:|1775900340\n|gametype|doubles\n|player|p1|dandnd1|dawn-gen4pt|1199\n|player|p2|cre7azn|170|1119\n|gen|9\n|tier|[Gen 9 Champions] VGC 2026 Reg M-A\n|rated|\n|rule|Species Clause: Limit one of each Pok\u00e9mon\n|rule|Item Clause: Limit 1 of each item\n|clearpoke\n|poke|p1|Blastoise, L50, F|\n|poke|p1|Farigiraf, L50, M|\n|poke|p1|Kingambit, L50, M|\n|poke|p1|Tyranitar, L50, M|\n|poke|p1|Incineroar, L50, M|\n|poke|p1|Sinistcha, L50|\n|poke|p2|Gengar, L50, M|\n|poke|p2|Palafin, L50, F|\n|poke|p2|Tyranitar, L50, F|\n|poke|p2|Kingambit, L50, M|\n|poke|p2|Garchomp, L50, M|\n|poke|p2|Sneasler, L50, F|\n|teampreview|4\n|l|\u2606dandnd1\n|player|p1|\n|j|\u2606dandnd1\n|player|p1|dandnd1|dawn-gen4pt|\n|inactive|Battle timer is ON: inactive players will automatically lose when time's up. (requested by cre7azn)\n|\n|t:|1775900369\n|teamsize|p1|4\n|teamsize|p2|4\n|start\n|switch|p1a: Farigiraf|Farigiraf, L50, M|100/100\n|switch|p1b: Blastoise|Blastoise, L50, F|100/100\n|switch|p2a: Gengar|Gengar, L50, M|100/100\n|switch|p2b: Palafin|Palafin, L50, F|100/100\n|turn|1\n|\n|t:|1775900383\n|detailschange|p2b: Palafin|Palafin-Hero, L50, F\n|switch|p2b: Tyranitar|Tyranitar, L50, F|100/100\n|-weather|Sandstorm|[from] ability: Sand Stream|[of] p2b: Tyranitar\n|move|p1b: Blastoise|Shell Smash|p1b: Blastoise\n|-unboost|p1b: Blastoise|def|1\n|-unboost|p1b: Blastoise|spd|1\n|-boost|p1b: Blastoise|atk|2\n|-boost|p1b: Blastoise|spa|2\n|-boost|p1b: Blastoise|spe|2\n|-enditem|p1b: Blastoise|White Herb\n|-clearnegativeboost|p1b: Blastoise|[silent]\n|move|p1a: Farigiraf|Twin Beam|p2a: Gengar\n|-supereffective|p2a: Gengar|1\n|-damage|p2a: Gengar|46/100\n|-supereffective|p2a: Gengar|1\n|-damage|p2a: Gengar|0 fnt\n|faint|p2a: Gengar\n|-hitcount|p2: Gengar|2\n|\n|-weather|Sandstorm|[upkeep]\n|-damage|p1b: Blastoise|95/100|[from] Sandstorm\n|-damage|p1a: Farigiraf|94/100|[from] Sandstorm\n|upkeep\n|\n|t:|1775900405\n|switch|p2a: Kingambit|Kingambit, L50, M|100/100\n|turn|2\n|\n|t:|1775900412\n|detailschange|p2b: Tyranitar|Tyranitar-Mega, L50, F\n|-mega|p2b: Tyranitar|Tyranitar|Tyranitarite\n|move|p1a: Farigiraf|Helping Hand|p1b: Blastoise\n|-singleturn|p1b: Blastoise|Helping Hand|[of] p1a: Farigiraf\n|move|p1b: Blastoise|Water Spout|p2b: Tyranitar|[spread] p2a,p2b\n|-supereffective|p2b: Tyranitar|1\n|-damage|p2a: Kingambit|0 fnt\n|-damage|p2b: Tyranitar|0 fnt\n|faint|p2a: Kingambit\n|faint|p2b: Tyranitar\n|\n|-weather|Sandstorm|[upkeep]\n|-damage|p1b: Blastoise|89/100|[from] Sandstorm\n|-damage|p1a: Farigiraf|88/100|[from] Sandstorm\n|upkeep\n|\n|t:|1775900421\n|switch|p2b: Palafin|Palafin-Hero, L50, F|100/100\n|-activate|p2b: Palafin|ability: Zero to Hero\n|turn|3\n|\n|t:|1775900432\n|move|p1b: Blastoise|Water Spout|p2b: Palafin\n|-resisted|p2b: Palafin|1\n|-damage|p2b: Palafin|65/100\n|move|p2b: Palafin|Drain Punch|p1b: Blastoise\n|-damage|p1b: Blastoise|64/100\n|-heal|p2b: Palafin|76/100|[from] drain|[of] p1b: Blastoise\n|move|p1a: Farigiraf|Hyper Voice|p2b: Palafin\n|-damage|p2b: Palafin|55/100\n|\n|-weather|Sandstorm|[upkeep]\n|-damage|p1b: Blastoise|58/100|[from] Sandstorm\n|-damage|p2b: Palafin|49/100|[from] Sandstorm\n|-damage|p1a: Farigiraf|82/100|[from] Sandstorm\n|-heal|p2b: Palafin|55/100|[from] item: Leftovers\n|upkeep\n|turn|4\n|-message|cre7azn forfeited.\n|\n|win|dandnd1\n|raw|dandnd1's rating: 1199 &rarr; <strong>1218</strong><br />(+19 for winning)\n|raw|cre7azn's rating: 1119 &rarr; <strong>1100</strong><br />(-19 for losing)\n|l|\u2606cre7azn\n|player|p2|\n",
  "uploadtime": 1775900453,
  "views": 17,
  "formatid": "gen9championsvgc2026regma",
  "rating": 1100,
  "private": 0,
  "password": null
}