{
  "id": "gen9championsvgc2026regma-2580796292",
  "format": "[Gen 9 Champions] VGC 2026 Reg M-A",
  "players": [
    "jokmah123",
    "HeckMe"
  ],
  "log": "|j|\u2606jokmah123\n|j|\u2606HeckMe\n|t:|1775933184\n|gametype|doubles\n|player|p1|jokmah123|265|1158\n|player|p2|HeckMe|n-masters|1211\n|gen|9\n|tier|[Gen 9 Champions] VGC 2026 Reg M-A\n|rated|\n|rule|Species Clause: Limit one of each Pok\u00e9mon\n|rule|Item Clause: Limit 1 of each item\n|clearpoke\n|poke|p1|Sneasler, L50, M|\n|poke|p1|Kingambit, L50, F|\n|poke|p1|Dragapult, L50, M|\n|poke|p1|Charizard, L50, M|\n|poke|p1|Maushold-Four, L50|\n|poke|p1|Garchomp, L50, M|\n|poke|p2|Froslass, L50, F|\n|poke|p2|Orthworm, L50, F|\n|poke|p2|Basculegion, L50, M|\n|poke|p2|Rotom-Frost, L50|\n|poke|p2|Incineroar, L50, M|\n|poke|p2|Garchomp, L50, F|\n|teampreview|4\n|inactive|Battle timer is ON: inactive players will automatically lose when time's up. (requested by HeckMe)\n|inactive|jokmah123 has 60 seconds left.\n|inactive|HeckMe has 60 seconds left.\n|inactive|jokmah123 has 30 seconds left.\n|inactive|jokmah123 has 20 seconds left.\n|\n|t:|1775933257\n|teamsize|p1|4\n|teamsize|p2|4\n|start\n|switch|p1a: Kingambit|Kingambit, L50, F|100/100\n|switch|p1b: Sneasler|Sneasler, L50, M|100/100\n|switch|p2a: Froslass|Froslass, L50, F, shiny|100/100\n|switch|p2b: Incineroar|Incineroar, L50, M|100/100\n|-ability|p2b: Incineroar|Intimidate|boost\n|-unboost|p1a: Kingambit|atk|1\n|-ability|p1a: Kingambit|Defiant|boost\n|-boost|p1a: Kingambit|atk|2\n|-unboost|p1b: Sneasler|atk|1\n|turn|1\n|inactive|jokmah123 has 30 seconds left.\n|inactive|HeckMe has 30 seconds left.\n|\n|t:|1775933292\n|switch|p2a: Orthworm|Orthworm, L50, F, shiny|100/100\n|move|p1b: Sneasler|Fake Out|p2b: Incineroar\n|-damage|p2b: Incineroar|93/100\n|cant|p2b: Incineroar|flinch\n|move|p1a: Kingambit|Kowtow Cleave|p2a: Orthworm\n|-damage|p2a: Orthworm|45/100\n|-enditem|p2a: Orthworm|Sitrus Berry|[eat]\n|-heal|p2a: Orthworm|69/100|[from] item: Sitrus Berry\n|\n|upkeep\n|turn|2\n|\n|t:|1775933313\n|move|p1a: Kingambit|Protect|p1a: Kingambit\n|-singleturn|p1a: Kingambit|Protect\n|move|p1b: Sneasler|Close Combat|p2a: Orthworm\n|-supereffective|p2a: Orthworm|1\n|-damage|p2a: Orthworm|19/100\n|-unboost|p1b: Sneasler|def|1\n|-unboost|p1b: Sneasler|spd|1\n|move|p2a: Orthworm|Body Press|p1a: Kingambit\n|-activate|p1a: Kingambit|move: Protect\n|move|p2b: Incineroar|Parting Shot|p1b: Sneasler\n|-unboost|p1b: Sneasler|atk|1\n|-unboost|p1b: Sneasler|spa|1\n|\n|t:|1775933329\n|switch|p2b: Rotom|Rotom-Frost, L50, shiny|100/100|[from] Parting Shot\n|\n|upkeep\n|turn|3\n|inactive|jokmah123 has 30 seconds left.\n|inactive|jokmah123 has 20 seconds left.\n|\n|t:|1775933364\n|move|p1b: Sneasler|Close Combat|p2b: Rotom\n|-supereffective|p2b: Rotom|1\n|-damage|p2b: Rotom|12/100\n|-unboost|p1b: Sneasler|def|1\n|-unboost|p1b: Sneasler|spd|1\n|move|p2b: Rotom|Thunderbolt|p1b: Sneasler\n|-enditem|p1b: Sneasler|Focus Sash\n|-damage|p1b: Sneasler|1/100\n|move|p2a: Orthworm|Body Press|p1a: Kingambit\n|-supereffective|p1a: Kingambit|2\n|-damage|p1a: Kingambit|12/100\n|move|p1a: Kingambit|Kowtow Cleave|p2a: Orthworm\n|-damage|p2a: Orthworm|0 fnt\n|faint|p2a: Orthworm\n|\n|upkeep\n|\n|t:|1775933376\n|switch|p2a: Froslass|Froslass, L50, F, shiny|100/100\n|turn|4\n|\n|t:|1775933388\n|detailschange|p2a: Froslass|Froslass-Mega, L50, F, shiny\n|-mega|p2a: Froslass|Froslass|Froslassite\n|-weather|Snowscape|[from] ability: Snow Warning|[of] p2a: Froslass\n|move|p2b: Rotom|Protect|p2b: Rotom\n|-singleturn|p2b: Rotom|Protect\n|move|p1a: Kingambit|Sucker Punch|p2a: Froslass\n|-supereffective|p2a: Froslass|1\n|-damage|p2a: Froslass|0 fnt\n|faint|p2a: Froslass\n|move|p1b: Sneasler|Close Combat|p2b: Rotom\n|-activate|p2b: Rotom|move: Protect\n|\n|-weather|Snowscape|[upkeep]\n|upkeep\n|-message|HeckMe forfeited.\n|\n|win|jokmah123\n|raw|jokmah123's rating: 1158 &rarr; <strong>1187</strong><br />(+29 for winning)\n|raw|HeckMe's rating: 1211 &rarr; <strong>1182</strong><br />(-29 for losing)\n|l|\u2606HeckMe\n|player|p2|\n",
  "uploadtime": 1775933408,
  "views": 20,
  "formatid": "gen9championsvgc2026regma",
  "rating": 1182,
  "private": 0,
  "password": null
}