{
  "id": "gen9championsvgc2026regma-2583092864",
  "format": "[Gen 9 Champions] VGC 2026 Reg M-A",
  "players": [
    "Alliiee",
    "ryankun26"
  ],
  "log": "|j|\u2606Alliiee\n|j|\u2606ryankun26\n|t:|1776141146\n|gametype|doubles\n|player|p1|Alliiee|swimmerf-gen4|1190\n|player|p2|ryankun26|hilda|1172\n|gen|9\n|tier|[Gen 9 Champions] VGC 2026 Reg M-A\n|rated|\n|rule|Species Clause: Limit one of each Pok\u00e9mon\n|rule|Item Clause: Limit 1 of each item\n|clearpoke\n|poke|p1|Dragapult, L50, F|\n|poke|p1|Incineroar, L50, M|\n|poke|p1|Aerodactyl, L50, F|\n|poke|p1|Maushold, L50|\n|poke|p1|Sneasler, L50, F|\n|poke|p1|Primarina, L50, F|\n|poke|p2|Talonflame, L50, F|\n|poke|p2|Glimmora, L50, M|\n|poke|p2|Tsareena, L50, F|\n|poke|p2|Gyarados, L50, F|\n|poke|p2|Zoroark-Hisui, L50, M|\n|poke|p2|Rotom-Wash, L50|\n|teampreview|4\n|inactive|Battle timer is ON: inactive players will automatically lose when time's up. (requested by ryankun26)\n|inactive|Alliiee also wants the timer to be on.\n|inactive|Alliiee has 60 seconds left.\n|inactive|ryankun26 has 60 seconds left.\n|\n|t:|1776141189\n|teamsize|p1|4\n|teamsize|p2|4\n|start\n|switch|p1a: Aerodactyl|Aerodactyl, L50, F|100/100\n|switch|p1b: Incineroar|Incineroar, L50, M|100/100\n|switch|p2a: Talonflame|Talonflame, L50, F|100/100\n|switch|p2b: Glimmora|Glimmora, L50, M|100/100\n|-ability|p1a: Aerodactyl|Unnerve\n|-ability|p1b: Incineroar|Intimidate|boost\n|-unboost|p2a: Talonflame|atk|1\n|-unboost|p2b: Glimmora|atk|1\n|turn|1\n|\n|t:|1776141206\n|detailschange|p1a: Aerodactyl|Aerodactyl-Mega, L50, F\n|-mega|p1a: Aerodactyl|Aerodactyl|Aerodactylite\n|detailschange|p2b: Glimmora|Glimmora-Mega, L50, M\n|-mega|p2b: Glimmora|Glimmora|Glimmoranite\n|move|p1b: Incineroar|Fake Out|p2a: Talonflame\n|-immune|p2a: Talonflame\n|move|p2a: Talonflame|Icy Wind|p1a: Aerodactyl|[spread] p1a,p1b\n|-supereffective|p1a: Aerodactyl|1\n|-resisted|p1b: Incineroar|1\n|-damage|p1a: Aerodactyl|70/100\n|-damage|p1b: Incineroar|96/100\n|-unboost|p1a: Aerodactyl|spe|1\n|-unboost|p1b: Incineroar|spe|1\n|move|p2b: Glimmora|Power Gem|p1a: Aerodactyl\n|-supereffective|p1a: Aerodactyl|1\n|-damage|p1a: Aerodactyl|0 fnt\n|faint|p1a: Aerodactyl\n|\n|upkeep\n|\n|t:|1776141229\n|switch|p1a: Sneasler|Sneasler, L50, F|100/100\n|turn|2\n|\n|t:|1776141251\n|move|p1a: Sneasler|Protect|p1a: Sneasler\n|-singleturn|p1a: Sneasler|Protect\n|move|p2b: Glimmora|Spiky Shield|p2b: Glimmora\n|-singleturn|p2b: Glimmora|move: Protect\n|move|p2a: Talonflame|Icy Wind|p1b: Incineroar|[spread] p1b\n|-activate|p1a: Sneasler|move: Protect\n|-resisted|p1b: Incineroar|1\n|-damage|p1b: Incineroar|91/100\n|-unboost|p1b: Incineroar|spe|1\n|move|p1b: Incineroar|Throat Chop|p2a: Talonflame\n|-supereffective|p2a: Talonflame|1\n|-damage|p2a: Talonflame|0 fnt\n|replace|p2a: Zoroark|Zoroark-Hisui, L50, M\n|-end|p2a: Zoroark|Illusion\n|faint|p2a: Zoroark\n|\n|upkeep\n|\n|t:|1776141260\n|switch|p2a: Talonflame|Talonflame, L50, F|100/100\n|turn|3\n|inactive|Alliiee has 30 seconds left.\n|\n|t:|1776141287\n|move|p2a: Talonflame|Dual Wingbeat|p1a: Sneasler\n|-supereffective|p1a: Sneasler|1\n|-damage|p1a: Sneasler|36/100\n|-supereffective|p1a: Sneasler|1\n|-damage|p1a: Sneasler|0 fnt\n|faint|p1a: Sneasler\n|-hitcount|p1: Sneasler|2\n|move|p2b: Glimmora|Power Gem|p1b: Incineroar\n|-supereffective|p1b: Incineroar|1\n|-damage|p1b: Incineroar|2/100\n|-enditem|p1b: Incineroar|Sitrus Berry|[eat]\n|-heal|p1b: Incineroar|27/100|[from] item: Sitrus Berry\n|move|p1b: Incineroar|Parting Shot|p2b: Glimmora\n|-unboost|p2b: Glimmora|atk|1\n|-unboost|p2b: Glimmora|spa|1\n|-message|Alliiee forfeited.\n|\n|win|ryankun26\n|raw|Alliiee's rating: 1190 &rarr; <strong>1164</strong><br />(-26 for losing)\n|raw|ryankun26's rating: 1172 &rarr; <strong>1198</strong><br />(+26 for winning)\n|l|\u2606Alliiee\n|player|p1|\n",
  "uploadtime": 1776141306,
  "views": 26,
  "formatid": "gen9championsvgc2026regma",
  "rating": 1164,
  "private": 0,
  "password": null
}