{
  "id": "gen9championsvgc2026regma-2584472226",
  "format": "[Gen 9 Champions] VGC 2026 Reg M-A",
  "players": [
    "treono",
    "catball 1500"
  ],
  "log": "|j|\u2606treono\n|j|\u2606catball 1500\n|t:|1776263155\n|gametype|doubles\n|player|p1|treono|265|1077\n|player|p2|catball 1500|roughneck|1135\n|gen|9\n|tier|[Gen 9 Champions] VGC 2026 Reg M-A\n|rated|\n|rule|Species Clause: Limit one of each Pok\u00e9mon\n|rule|Item Clause: Limit 1 of each item\n|clearpoke\n|poke|p1|Empoleon, L50, F|\n|poke|p1|Rotom-Frost, L50|\n|poke|p1|Incineroar, L50, M|\n|poke|p1|Froslass, L50, F|\n|poke|p1|Garchomp, L50, M|\n|poke|p1|Kingambit, L50, F|\n|poke|p2|Orthworm, L50, M|\n|poke|p2|Garchomp, L50, F|\n|poke|p2|Farigiraf, L50, M|\n|poke|p2|Sinistcha, L50|\n|poke|p2|Floette-Eternal, L50, F|\n|poke|p2|Rotom-Wash, L50|\n|teampreview|4\n|inactive|Battle timer is ON: inactive players will automatically lose when time's up. (requested by catball 1500)\n|\n|t:|1776263182\n|teamsize|p1|4\n|teamsize|p2|4\n|start\n|switch|p1a: Rotom|Rotom-Frost, L50|100/100\n|switch|p1b: Froslass|Froslass, L50, F|100/100\n|switch|p2a: Orthworm|Orthworm, L50, M|100/100\n|switch|p2b: Garchomp|Garchomp, L50, F|100/100\n|turn|1\n|inactive|treono has 30 seconds left.\n|\n|t:|1776263209\n|detailschange|p1b: Froslass|Froslass-Mega, L50, F\n|-mega|p1b: Froslass|Froslass|Froslassite\n|-weather|Snowscape|[from] ability: Snow Warning|[of] p1b: Froslass\n|move|p1a: Rotom|Blizzard|p2a: Orthworm|[spread] p2a,p2b\n|-resisted|p2a: Orthworm|1\n|-supereffective|p2b: Garchomp|2\n|-damage|p2a: Orthworm|72/100\n|-enditem|p2b: Garchomp|Focus Sash\n|-damage|p2b: Garchomp|1/100\n|-status|p2a: Orthworm|frz\n|move|p1b: Froslass|Blizzard|p2a: Orthworm|[spread] p2a,p2b\n|-resisted|p2a: Orthworm|1\n|-supereffective|p2b: Garchomp|2\n|-damage|p2a: Orthworm|40/100 frz\n|-damage|p2b: Garchomp|0 fnt\n|-enditem|p2a: Orthworm|Sitrus Berry|[eat]\n|-heal|p2a: Orthworm|65/100 frz|[from] item: Sitrus Berry\n|faint|p2b: Garchomp\n|cant|p2a: Orthworm|frz\n|\n|-weather|Snowscape|[upkeep]\n|upkeep\n|\n|t:|1776263233\n|switch|p2b: Floette|Floette-Eternal, L50, F|100/100\n|turn|2\n|\n|t:|1776263238\n|detailschange|p2b: Floette|Floette-Mega, L50, F\n|-mega|p2b: Floette|Floette|Floettite\n|-ability|p2b: Floette|Fairy Aura\n|move|p1a: Rotom|Blizzard|p2a: Orthworm|[spread] p2a,p2b\n|-resisted|p2a: Orthworm|1\n|-damage|p2a: Orthworm|37/100 frz\n|-damage|p2b: Floette|77/100\n|-status|p2b: Floette|frz\n|move|p1b: Froslass|Blizzard|p2a: Orthworm|[spread] p2a,p2b\n|-resisted|p2a: Orthworm|1\n|-damage|p2a: Orthworm|5/100 frz\n|-damage|p2b: Floette|47/100 frz\n|cant|p2b: Floette|frz\n|cant|p2a: Orthworm|frz\n|\n|-weather|Snowscape|[upkeep]\n|upkeep\n|turn|3\n|c|\u2606treono|sorry\n|\n|t:|1776263258\n|move|p1a: Rotom|Blizzard|p2a: Orthworm|[spread] p2a,p2b\n|-resisted|p2a: Orthworm|1\n|-crit|p2a: Orthworm\n|-damage|p2a: Orthworm|0 fnt\n|-damage|p2b: Floette|24/100 frz\n|faint|p2a: Orthworm\n|move|p1b: Froslass|Blizzard|p2b: Floette\n|-damage|p2b: Floette|0 fnt\n|faint|p2b: Floette\n|\n|-weather|Snowscape|[upkeep]\n|upkeep\n|\n|t:|1776263277\n|switch|p2b: Sinistcha|Sinistcha, L50|100/100\n|turn|4\n|\n|t:|1776263282\n|move|p1a: Rotom|Blizzard|p2b: Sinistcha\n|-supereffective|p2b: Sinistcha|1\n|-damage|p2b: Sinistcha|0 fnt\n|faint|p2b: Sinistcha\n|\n|win|treono\n|raw|treono's rating: 1077 &rarr; <strong>1110</strong><br />(+33 for winning)\n|raw|catball 1500's rating: 1135 &rarr; <strong>1106</strong><br />(-29 for losing)\n",
  "uploadtime": 1776263289,
  "views": 28,
  "formatid": "gen9championsvgc2026regma",
  "rating": 1106,
  "private": 0,
  "password": null
}