{
  "id": "gen9championsvgc2026regma-2588640097",
  "format": "[Gen 9 Champions] VGC 2026 Reg M-A",
  "players": [
    "aroswing",
    "HeavyLobsterAlf"
  ],
  "log": "|j|\u2606aroswing\n|j|\u2606HeavyLobsterAlf\n|t:|1776652787\n|gametype|doubles\n|player|p1|aroswing|marnie|1284\n|player|p2|HeavyLobsterAlf|phoebe-masters|1360\n|gen|9\n|tier|[Gen 9 Champions] VGC 2026 Reg M-A\n|rated|\n|rule|Species Clause: Limit one of each Pok\u00e9mon\n|rule|Item Clause: Limit 1 of each item\n|clearpoke\n|poke|p1|Toxicroak, L50, M|\n|poke|p1|Pelipper, L50, M|\n|poke|p1|Blastoise, L50, M|\n|poke|p1|Sinistcha, L50|\n|poke|p1|Archaludon, L50, M|\n|poke|p1|Dragonite, L50, F|\n|poke|p2|Gardevoir, L50, F|\n|poke|p2|Primarina, L50, M|\n|poke|p2|Whimsicott, L50, M|\n|poke|p2|Sneasler, L50, F|\n|poke|p2|Arcanine-Hisui, L50, F|\n|poke|p2|Kingambit, L50, F|\n|teampreview|4\n|inactive|Battle timer is ON: inactive players will automatically lose when time's up. (requested by aroswing)\n|inactive|aroswing has 60 seconds left.\n|inactive|HeavyLobsterAlf has 60 seconds left.\n|\n|t:|1776652837\n|teamsize|p1|4\n|teamsize|p2|4\n|start\n|switch|p1a: Toxicroak|Toxicroak, L50, M|100/100\n|switch|p1b: Pelipper|Pelipper, L50, M|100/100\n|switch|p2a: Gardevoir|Gardevoir, L50, F|100/100\n|switch|p2b: Whimsicott|Whimsicott, L50, M|100/100\n|-ability|p2a: Gardevoir|Drizzle|Trace|[from] ability: Trace|[of] p1b: Pelipper\n|-weather|RainDance|[from] ability: Drizzle|[of] p2a: Gardevoir\n|turn|1\n|inactive|aroswing has 30 seconds left.\n|inactive|HeavyLobsterAlf has 30 seconds left.\n|\n|t:|1776652870\n|detailschange|p2a: Gardevoir|Gardevoir-Mega, L50, F\n|-mega|p2a: Gardevoir|Gardevoir|Gardevoirite\n|move|p1a: Toxicroak|Fake Out|p2a: Gardevoir\n|-damage|p2a: Gardevoir|80/100\n|move|p2b: Whimsicott|Moonblast|p1a: Toxicroak\n|-damage|p1a: Toxicroak|66/100\n|cant|p2a: Gardevoir|flinch\n|move|p1b: Pelipper|Hurricane|p2b: Whimsicott\n|-supereffective|p2b: Whimsicott|1\n|-enditem|p2b: Whimsicott|Focus Sash\n|-damage|p2b: Whimsicott|1/100\n|\n|-weather|RainDance|[upkeep]\n|-heal|p1a: Toxicroak|78/100|[from] ability: Dry Skin\n|upkeep\n|turn|2\n|\n|t:|1776652891\n|switch|p1a: Archaludon|Archaludon, L50, M|100/100\n|move|p2b: Whimsicott|Encore||[still]\n|-fail|p2b: Whimsicott\n|move|p2a: Gardevoir|Hyper Voice|p1b: Pelipper|[spread] p1a,p1b\n|-damage|p1a: Archaludon|29/100\n|-damage|p1b: Pelipper|6/100\n|-ability|p1a: Archaludon|Stamina|boost\n|-boost|p1a: Archaludon|def|1\n|-enditem|p1a: Archaludon|Sitrus Berry|[eat]\n|-heal|p1a: Archaludon|53/100|[from] item: Sitrus Berry\n|move|p1b: Pelipper|Tailwind|p1b: Pelipper\n|-sidestart|p1: aroswing|move: Tailwind\n|\n|-weather|RainDance|[upkeep]\n|upkeep\n|turn|3\n|inactive|aroswing has 30 seconds left.\n|\n|t:|1776652922\n|move|p2b: Whimsicott|Protect|p2b: Whimsicott\n|-singleturn|p2b: Whimsicott|Protect\n|move|p2a: Gardevoir|Protect|p2a: Gardevoir\n|-singleturn|p2a: Gardevoir|Protect\n|move|p1b: Pelipper|Wide Guard|p1b: Pelipper\n|-singleturn|p1b: Pelipper|Wide Guard\n|move|p1a: Archaludon|Electro Shot||[still]\n|-prepare|p1a: Archaludon|Electro Shot\n|-boost|p1a: Archaludon|spa|1\n|-anim|p1a: Archaludon|Electro Shot|p2b: Whimsicott\n|-activate|p2b: Whimsicott|move: Protect\n|\n|-weather|RainDance|[upkeep]\n|upkeep\n|turn|4\n|\n|t:|1776652936\n|move|p2b: Whimsicott|Tailwind|p2b: Whimsicott\n|-sidestart|p2: HeavyLobsterAlf|move: Tailwind\n|move|p2a: Gardevoir|Hyper Voice|p1a: Archaludon|[spread] p1a,p1b\n|-damage|p1a: Archaludon|0 fnt\n|-damage|p1b: Pelipper|0 fnt\n|faint|p1a: Archaludon\n|faint|p1b: Pelipper\n|\n|-weather|RainDance|[upkeep]\n|upkeep\n|-message|aroswing forfeited.\n|\n|win|HeavyLobsterAlf\n|raw|aroswing's rating: 1284 &rarr; <strong>1264</strong><br />(-20 for losing)\n|raw|HeavyLobsterAlf's rating: 1360 &rarr; <strong>1376</strong><br />(+16 for winning)\n|l|\u2606aroswing\n|player|p1|\n",
  "uploadtime": 1776652947,
  "views": 7,
  "formatid": "gen9championsvgc2026regma",
  "rating": 1264,
  "private": 0,
  "password": null
}