{
  "id": "gen9championsvgc2026regma-2582966132",
  "format": "[Gen 9 Champions] VGC 2026 Reg M-A",
  "players": [
    "RolandoSTR",
    "MudByChu"
  ],
  "log": "|j|\u203dRolandoSTR\n|j|\u2606MudByChu\n|t:|1776129156\n|gametype|doubles\n|player|p1|RolandoSTR|265|1022\n|player|p2|MudByChu|kieran-festival|1032\n|gen|9\n|tier|[Gen 9 Champions] VGC 2026 Reg M-A\n|rated|\n|rule|Species Clause: Limit one of each Pok\u00e9mon\n|rule|Item Clause: Limit 1 of each item\n|clearpoke\n|poke|p1|Milotic, L50, F|\n|poke|p1|Dragapult, L50, F|\n|poke|p1|Whimsicott, L50, M|\n|poke|p1|Sneasler, L50, F|\n|poke|p1|Krookodile, L50, M|\n|poke|p1|Manectric, L50, M|\n|poke|p2|Goodra-Hisui, L50, F|\n|poke|p2|Scovillain, L50, F|\n|poke|p2|Mimikyu, L50, F|\n|poke|p2|Maushold-Four, L50|\n|poke|p2|Torkoal, L50, F|\n|poke|p2|Oranguru, L50, F|\n|teampreview|4\n|j| jorvegeta1411\nMudByChu rejected open team sheets.\n|inactive|Battle timer is ON: inactive players will automatically lose when time's up. (requested by MudByChu)\n|inactive|RolandoSTR has 60 seconds left.\n|inactive|RolandoSTR has 30 seconds left.\n|inactive|RolandoSTR has 20 seconds left.\n|inactive|RolandoSTR has 15 seconds left.\n|inactive|RolandoSTR has 10 seconds left.\n|inactive|RolandoSTR has 5 seconds left.\n|\n|t:|1776129253\n|teamsize|p1|4\n|teamsize|p2|4\n|start\n|switch|p1a: Krookodile|Krookodile, L50, M|100/100\n|switch|p1b: Sneasler|Sneasler, L50, F|100/100\n|switch|p2a: Mimikyu|Mimikyu, L50, F|100/100\n|switch|p2b: Scovillain|Scovillain, L50, F|100/100\n|turn|1\n|\n|t:|1776129269\n|detailschange|p2b: Scovillain|Scovillain-Mega, L50, F\n|-mega|p2b: Scovillain|Scovillain|Scovillainite\n|move|p2b: Scovillain|Rage Powder|p2b: Scovillain\n|-singleturn|p2b: Scovillain|move: Rage Powder\n|move|p1a: Krookodile|Lash Out|p2b: Scovillain\n|-damage|p2b: Scovillain|69/100\n|-status|p1a: Krookodile|brn|[from] ability: Spicy Spray|[of] p2b: Scovillain\n|move|p1b: Sneasler|Dire Claw|p2b: Scovillain\n|-supereffective|p2b: Scovillain|1\n|-damage|p2b: Scovillain|0 fnt\n|-status|p1b: Sneasler|brn|[from] ability: Spicy Spray|[of] p2b: Scovillain\n|faint|p2b: Scovillain\n|move|p2a: Mimikyu|Trick Room|p2a: Mimikyu\n|-fieldstart|move: Trick Room|[of] p2a: Mimikyu\n|\n|-damage|p1b: Sneasler|95/100 brn|[from] brn\n|-damage|p1a: Krookodile|94/100 brn|[from] brn\n|upkeep\n|\n|t:|1776129283\n|switch|p2b: Torkoal|Torkoal, L50, F|100/100\n|-weather|SunnyDay|[from] ability: Drought|[of] p2b: Torkoal\n|turn|2\n|inactive|MudByChu has 30 seconds left.\n|\n|t:|1776129310\n|switch|p2a: Oranguru|Oranguru, L50, F|100/100\n|switch|p1a: Milotic|Milotic, L50, F|100/100\n|move|p1b: Sneasler|Protect|p1b: Sneasler\n|-singleturn|p1b: Sneasler|Protect\n|move|p2b: Torkoal|Eruption|p1a: Milotic|[spread] p1a\n|-activate|p1b: Sneasler|move: Protect\n|-resisted|p1a: Milotic|1\n|-damage|p1a: Milotic|73/100\n|\n|-weather|SunnyDay|[upkeep]\n|-heal|p1a: Milotic|79/100|[from] item: Leftovers\n|-damage|p1b: Sneasler|89/100 brn|[from] brn\n|upkeep\n|turn|3\n|\n|t:|1776129330\n|switch|p1b: Krookodile|Krookodile, L50, M|94/100 brn\n|move|p2b: Torkoal|Eruption|p1a: Milotic|[spread] p1a,p1b\n|-resisted|p1a: Milotic|1\n|-crit|p1a: Milotic\n|-damage|p1a: Milotic|38/100\n|-damage|p1b: Krookodile|4/100 brn\n|move|p2a: Oranguru|Instruct|p2b: Torkoal\n|-singleturn|p2b: Torkoal|move: Instruct|[of] p2a: Oranguru\n|move|p2b: Torkoal|Eruption|p1b: Krookodile|[spread] p1a,p1b\n|-resisted|p1a: Milotic|1\n|-damage|p1a: Milotic|10/100\n|-damage|p1b: Krookodile|0 fnt\n|faint|p1b: Krookodile\n|move|p1a: Milotic|Scald|p2b: Torkoal\n|-supereffective|p2b: Torkoal|1\n|-damage|p2b: Torkoal|63/100\n|\n|-weather|SunnyDay|[upkeep]\n|-heal|p1a: Milotic|16/100|[from] item: Leftovers\n|upkeep\n|-message|RolandoSTR forfeited.\n|\n|win|MudByChu\n|raw|RolandoSTR's rating: 1022 &rarr; <strong>1009</strong><br />(-13 for losing)\n|raw|MudByChu's rating: 1032 &rarr; <strong>1066</strong><br />(+34 for winning)\n|l|\u203dRolandoSTR\n|player|p1|\n",
  "uploadtime": 1776129354,
  "views": 13,
  "formatid": "gen9championsvgc2026regma",
  "rating": 1009,
  "private": 0,
  "password": null
}