{
  "id": "gen9championsvgc2026regma-2587446520",
  "format": "[Gen 9 Champions] VGC 2026 Reg M-A",
  "players": [
    "BaboonX",
    "themegaisiug"
  ],
  "log": "|j|\u2606BaboonX\n|j|\u2606themegaisiug\n|t:|1776532519\n|gametype|doubles\n|player|p1|BaboonX|swimmer|1214\n|player|p2|themegaisiug|boarder|1167\n|gen|9\n|tier|[Gen 9 Champions] VGC 2026 Reg M-A\n|rated|\n|rule|Species Clause: Limit one of each Pok\u00e9mon\n|rule|Item Clause: Limit 1 of each item\n|clearpoke\n|poke|p1|Tyranitar, L50, M|\n|poke|p1|Empoleon, L50, M|\n|poke|p1|Runerigus, L50, M|\n|poke|p1|Heliolisk, L50, M|\n|poke|p1|Glimmora, L50, F|\n|poke|p1|Aegislash, L50, F|\n|poke|p2|Floette-Eternal, L50, F|\n|poke|p2|Garchomp, L50, M|\n|poke|p2|Sneasler, L50, F|\n|poke|p2|Rotom-Wash, L50|\n|poke|p2|Aerodactyl, L50, F|\n|poke|p2|Incineroar, L50, F|\n|teampreview|4\n|\n|t:|1776532558\n|teamsize|p1|4\n|teamsize|p2|4\n|start\n|switch|p1a: Empoleon|Empoleon, L50, M|100/100\n|switch|p1b: Runerigus|Runerigus, L50, M|100/100\n|switch|p2a: Garchomp|Garchomp, L50, M|100/100\n|switch|p2b: Rotom|Rotom-Wash, L50|100/100\n|turn|1\n|\n|t:|1776532583\n|switch|p1b: Heliolisk|Heliolisk, L50, M|100/100\n|move|p2b: Rotom|Hydro Pump|p1b: Heliolisk\n|-immune|p1b: Heliolisk|[from] ability: Dry Skin\n|move|p2a: Garchomp|Earthquake|p1b: Heliolisk|[spread] p1a,p1b\n|-immune|p2b: Rotom|[from] ability: Levitate\n|-supereffective|p1a: Empoleon|1\n|-crit|p1a: Empoleon\n|-supereffective|p1b: Heliolisk|1\n|-damage|p1a: Empoleon|0 fnt\n|-damage|p1b: Heliolisk|0 fnt\n|faint|p1a: Empoleon\n|faint|p1b: Heliolisk\n|\n|upkeep\n|-message|BaboonX forfeited.\n|\n|win|themegaisiug\n|raw|BaboonX's rating: 1214 &rarr; <strong>1186</strong><br />(-28 for losing)\n|raw|themegaisiug's rating: 1167 &rarr; <strong>1195</strong><br />(+28 for winning)\n|l|\u2606BaboonX\n|player|p1|\n",
  "uploadtime": 1776532596,
  "views": 13,
  "formatid": "gen9championsvgc2026regma",
  "rating": 1186,
  "private": 0,
  "password": null
}