{
  "id": "gen9championsvgc2026regma-2580745896",
  "format": "[Gen 9 Champions] VGC 2026 Reg M-A",
  "players": [
    "chiumma",
    "Nomad3929"
  ],
  "log": "|j|\u2606chiumma\n|j|\u2606Nomad3929\n|t:|1775929064\n|gametype|doubles\n|player|p1|chiumma|266|1075\n|player|p2|Nomad3929|1|1133\n|gen|9\n|tier|[Gen 9 Champions] VGC 2026 Reg M-A\n|rated|\n|rule|Species Clause: Limit one of each Pok\u00e9mon\n|rule|Item Clause: Limit 1 of each item\n|clearpoke\n|poke|p1|Excadrill, L50, F|\n|poke|p1|Tyranitar, L50, F|\n|poke|p1|Corviknight, L50, M|\n|poke|p1|Rotom-Mow, L50|\n|poke|p1|Starmie, L50|\n|poke|p1|Incineroar, L50, F|\n|poke|p2|Charizard, L50, M|\n|poke|p2|Venusaur, L50, F|\n|poke|p2|Garchomp, L50, F|\n|poke|p2|Rotom-Wash, L50|\n|poke|p2|Sneasler, L50, F|\n|poke|p2|Incineroar, L50, F|\n|teampreview|4\n|inactive|Battle timer is ON: inactive players will automatically lose when time's up. (requested by Nomad3929)\n|inactive|chiumma has 60 seconds left.\n|\n|t:|1775929104\n|teamsize|p1|4\n|teamsize|p2|4\n|start\n|switch|p1a: Incineroar|Incineroar, L50, F|100/100\n|switch|p1b: Corviknight|Corviknight, L50, M|100/100\n|switch|p2a: Charizard|Charizard, L50, M|100/100\n|switch|p2b: Sneasler|Sneasler, L50, F|100/100\n|-ability|p1a: Incineroar|Intimidate|boost\n|-unboost|p2a: Charizard|atk|1\n|-unboost|p2b: Sneasler|atk|1\n|-enditem|p2b: Sneasler|White Herb\n|-clearnegativeboost|p2b: Sneasler|[silent]\n|turn|1\n|\n|t:|1775929110\n|detailschange|p2a: Charizard|Charizard-Mega-Y, L50, M\n|-mega|p2a: Charizard|Charizard|Charizardite Y\n|-weather|SunnyDay|[from] ability: Drought|[of] p2a: Charizard\n|move|p2b: Sneasler|Fake Out|p1a: Incineroar\n|-damage|p1a: Incineroar|87/100\n|cant|p1a: Incineroar|flinch\n|move|p2a: Charizard|Heat Wave|p1a: Incineroar|[spread] p1a,p1b\n|-resisted|p1a: Incineroar|1\n|-supereffective|p1b: Corviknight|1\n|-damage|p1a: Incineroar|65/100\n|-damage|p1b: Corviknight|0 fnt\n|faint|p1b: Corviknight\n|\n|-weather|SunnyDay|[upkeep]\n|upkeep\n|\n|t:|1775929117\n|switch|p1b: Rotom|Rotom-Mow, L50|100/100\n|turn|2\n|\n|t:|1775929132\n|move|p2a: Charizard|Protect|p2a: Charizard\n|-singleturn|p2a: Charizard|Protect\n|move|p2b: Sneasler|Dire Claw|p1b: Rotom\n|-supereffective|p1b: Rotom|1\n|-damage|p1b: Rotom|0 fnt\n|faint|p1b: Rotom\n|move|p1a: Incineroar|Parting Shot|p2a: Charizard\n|-activate|p2a: Charizard|move: Protect\n|\n|-weather|SunnyDay|[upkeep]\n|upkeep\n|\n|t:|1775929138\n|switch|p1b: Starmie|Starmie, L50|100/100\n|turn|3\n|\n|t:|1775929158\n|switch|p2a: Garchomp|Garchomp, L50, F|100/100\n|detailschange|p1b: Starmie|Starmie-Mega, L50\n|-mega|p1b: Starmie|Starmie|Starminite\n|move|p2b: Sneasler|Dire Claw|p1b: Starmie\n|-damage|p1b: Starmie|57/100\n|move|p1b: Starmie|Liquidation|p2a: Garchomp\n|-damage|p2a: Garchomp|60/100\n|-damage|p1b: Starmie|45/100|[from] ability: Rough Skin|[of] p2a: Garchomp\n|move|p1a: Incineroar|Flare Blitz|p2b: Sneasler\n|-damage|p2b: Sneasler|0 fnt\n|faint|p2b: Sneasler\n|-damage|p1a: Incineroar|39/100|[from] Recoil\n|\n|-weather|SunnyDay|[upkeep]\n|upkeep\n|\n|t:|1775929175\n|switch|p2b: Rotom|Rotom-Wash, L50|100/100\n|turn|4\n|-message|chiumma forfeited.\n|\n|win|Nomad3929\n|raw|chiumma's rating: 1075 &rarr; <strong>1057</strong><br />(-18 for losing)\n|raw|Nomad3929's rating: 1133 &rarr; <strong>1154</strong><br />(+21 for winning)\n|l|\u2606chiumma\n|player|p1|\n",
  "uploadtime": 1775929276,
  "views": 13,
  "formatid": "gen9championsvgc2026regma",
  "rating": 1057,
  "private": 0,
  "password": null
}