{
  "id": "gen9championsvgc2026regma-2584502340",
  "format": "[Gen 9 Champions] VGC 2026 Reg M-A",
  "players": [
    "qfzx",
    "Johny-o233"
  ],
  "log": "|j|\u2606qfzx\n|j|\u2606Johny-o233\n|t:|1776265089\n|gametype|doubles\n|player|p1|qfzx|cynthia-gen4|1096\n|player|p2|Johny-o233|kimonogirl|1040\n|gen|9\n|tier|[Gen 9 Champions] VGC 2026 Reg M-A\n|rated|\n|rule|Species Clause: Limit one of each Pok\u00e9mon\n|rule|Item Clause: Limit 1 of each item\n|clearpoke\n|poke|p1|Sneasler, L50, F|\n|poke|p1|Kingambit, L50, F|\n|poke|p1|Gengar, L50, F|\n|poke|p1|Tyranitar, L50, F|\n|poke|p1|Incineroar, L50, F|\n|poke|p1|Sinistcha, L50|\n|poke|p2|Torkoal, L50, M|\n|poke|p2|Delphox, L50, M|\n|poke|p2|Venusaur, L50, F|\n|poke|p2|Corviknight, L50, F|\n|poke|p2|Clefable, L50, F|\n|poke|p2|Feraligatr, L50, M|\n|teampreview|4\n|inactive|Battle timer is ON: inactive players will automatically lose when time's up. (requested by qfzx)\n|inactive|qfzx has 60 seconds left.\n|inactive|Johny-o233 has 60 seconds left.\n|\n|t:|1776265130\n|teamsize|p1|4\n|teamsize|p2|4\n|start\n|switch|p1a: Gengar|Gengar, L50, F, shiny|100/100\n|switch|p1b: Kingambit|Kingambit, L50, F, shiny|100/100\n|switch|p2a: Torkoal|Torkoal, L50, M|100/100\n|switch|p2b: Delphox|Delphox, L50, M, shiny|100/100\n|-weather|SunnyDay|[from] ability: Drought|[of] p2a: Torkoal\n|turn|1\n|\n|t:|1776265147\n|detailschange|p1a: Gengar|Gengar-Mega, L50, F, shiny\n|-mega|p1a: Gengar|Gengar|Gengarite\n|move|p2b: Delphox|Protect|p2b: Delphox\n|-singleturn|p2b: Delphox|Protect\n|move|p1b: Kingambit|Sucker Punch|p2a: Torkoal\n|-damage|p2a: Torkoal|68/100\n|move|p1a: Gengar|Sludge Wave|p2a: Torkoal|[spread] p2a\n|-activate|p2b: Delphox|move: Protect\n|-immune|p1b: Kingambit\n|-damage|p2a: Torkoal|2/100\n|move|p2a: Torkoal|Heat Wave|p1a: Gengar|[spread] p1a,p1b\n|-supereffective|p1b: Kingambit|1\n|-damage|p1a: Gengar|26/100\n|-damage|p1b: Kingambit|0 fnt\n|faint|p1b: Kingambit\n|\n|-weather|SunnyDay|[upkeep]\n|upkeep\n|\n|t:|1776265160\n|switch|p1b: Tyranitar|Tyranitar, L50, F, shiny|100/100\n|-weather|Sandstorm|[from] ability: Sand Stream|[of] p1b: Tyranitar\n|turn|2\n|\n|t:|1776265188\n|detailschange|p2b: Delphox|Delphox-Mega, L50, M, shiny\n|-mega|p2b: Delphox|Delphox|Delphoxite\n|move|p2a: Torkoal|Helping Hand|p2b: Delphox\n|-singleturn|p2b: Delphox|Helping Hand|[of] p2a: Torkoal\n|move|p1b: Tyranitar|Rock Slide|p2a: Torkoal|[spread] p2a,p2b\n|-supereffective|p2a: Torkoal|1\n|-supereffective|p2b: Delphox|1\n|-damage|p2a: Torkoal|0 fnt\n|-damage|p2b: Delphox|0 fnt\n|faint|p2a: Torkoal\n|faint|p2b: Delphox\n|move|p1a: Gengar|Shadow Ball|p2: Torkoal|[notarget]\n|-fail|p1a: Gengar\n|\n|-weather|Sandstorm|[upkeep]\n|-damage|p1a: Gengar|20/100|[from] Sandstorm\n|upkeep\n|inactive|Johny-o233 has 30 seconds left.\n|c|\u2606Johny-o233|Right sure\n|inactive|Johny-o233 has 20 seconds left.\n|-message|Johny-o233 forfeited.\n|\n|win|qfzx\n|raw|qfzx's rating: 1096 &rarr; <strong>1118</strong><br />(+22 for winning)\n|raw|Johny-o233's rating: 1040 &rarr; <strong>1027</strong><br />(-13 for losing)\n|l|\u2606Johny-o233\n|player|p2|\n",
  "uploadtime": 1776265229,
  "views": 21,
  "formatid": "gen9championsvgc2026regma",
  "rating": 1027,
  "private": 0,
  "password": null
}