{
  "id": "gen9championsvgc2026regma-2587937641",
  "format": "[Gen 9 Champions] VGC 2026 Reg M-A",
  "players": [
    "papatommy",
    "Soggy4047"
  ],
  "log": "|j|\u2606papatommy\n|j|\u2606Soggy4047\n|t:|1776581724\n|gametype|doubles\n|player|p1|papatommy|li|1374\n|player|p2|Soggy4047|cynthia-gen4|1359\n|gen|9\n|tier|[Gen 9 Champions] VGC 2026 Reg M-A\n|rated|\n|rule|Species Clause: Limit one of each Pok\u00e9mon\n|rule|Item Clause: Limit 1 of each item\n|clearpoke\n|poke|p1|Charizard, L50, F|\n|poke|p1|Venusaur, L50, F|\n|poke|p1|Torkoal, L50, F|\n|poke|p1|Farigiraf, L50, M|\n|poke|p1|Golurk, L50|\n|poke|p1|Gyarados, L50, F|\n|poke|p2|Floette-Eternal, L50, F, shiny|\n|poke|p2|Garchomp, L50, M|\n|poke|p2|Kingambit, L50, F|\n|poke|p2|Sneasler, L50, M|\n|poke|p2|Froslass, L50, F|\n|poke|p2|Basculegion, L50, M|\n|teampreview|4\n|inactive|Battle timer is ON: inactive players will automatically lose when time's up. (requested by papatommy)\n|\n|t:|1776581751\n|teamsize|p1|4\n|teamsize|p2|4\n|start\n|switch|p1a: Charizard|Charizard, L50, F|100/100\n|switch|p1b: Torkoal|Torkoal, L50, F|100/100\n|switch|p2a: Sneasler|Sneasler, L50, M|100/100\n|switch|p2b: Basculegion|Basculegion, L50, M|100/100\n|-weather|SunnyDay|[from] ability: Drought|[of] p1b: Torkoal\n|turn|1\n|\n|t:|1776581769\n|switch|p1b: Farigiraf|Farigiraf, L50, M|100/100\n|move|p2a: Sneasler|Fake Out||[still]\n|cant|p1b: Farigiraf|ability: Armor Tail|Fake Out|[of] p2a: Sneasler\n|move|p1a: Charizard|Heat Wave|p2a: Sneasler|[spread] p2a,p2b\n|-resisted|p2b: Basculegion|1\n|-enditem|p2a: Sneasler|Focus Sash\n|-damage|p2a: Sneasler|1/100\n|-damage|p2b: Basculegion|57/100\n|move|p2b: Basculegion|Wave Crash|p1b: Farigiraf\n|-damage|p1b: Farigiraf|69/100\n|-damage|p2b: Basculegion|46/100|[from] Recoil\n|-enditem|p2b: Basculegion|Sitrus Berry|[eat]\n|-heal|p2b: Basculegion|71/100|[from] item: Sitrus Berry\n|\n|-weather|SunnyDay|[upkeep]\n|-damage|p1a: Charizard|88/100|[from] ability: Solar Power|[of] p1a: Charizard\n|upkeep\n|turn|2\n|inactive|papatommy has 30 seconds left.\n|inactive|Soggy4047 has 30 seconds left.\n|inactive|Soggy4047 has 20 seconds left.\n|inactive|Soggy4047 has 15 seconds left.\n|\n|t:|1776581809\n|move|p1a: Charizard|Heat Wave|p2a: Sneasler|[spread] p2a,p2b\n|-resisted|p2b: Basculegion|1\n|-damage|p2a: Sneasler|0 fnt\n|-damage|p2b: Basculegion|26/100\n|faint|p2a: Sneasler\n|move|p2b: Basculegion|Wave Crash|p1a: Charizard\n|-supereffective|p1a: Charizard|1\n|-damage|p1a: Charizard|0 fnt\n|faint|p1a: Charizard\n|-damage|p2b: Basculegion|5/100|[from] Recoil\n|move|p1b: Farigiraf|Trick Room|p1b: Farigiraf\n|-fieldstart|move: Trick Room|[of] p1b: Farigiraf\n|\n|-weather|SunnyDay|[upkeep]\n|upkeep\n|\n|t:|1776581825\n|switch|p1a: Golurk|Golurk, L50|100/100\n|switch|p2a: Garchomp|Garchomp, L50, M|100/100\n|turn|3\n|\n|t:|1776581843\n|detailschange|p1a: Golurk|Golurk-Mega, L50\n|-mega|p1a: Golurk|Golurk|Golurkite\n|move|p2b: Basculegion|Aqua Jet||[still]\n|cant|p1b: Farigiraf|ability: Armor Tail|Aqua Jet|[of] p2b: Basculegion\n|move|p1a: Golurk|Ice Punch|p2a: Garchomp\n|-supereffective|p2a: Garchomp|2\n|-damage|p2a: Garchomp|0 fnt\n|-damage|p1a: Golurk|88/100|[from] ability: Rough Skin|[of] p2a: Garchomp\n|faint|p2a: Garchomp\n|move|p1b: Farigiraf|Twin Beam|p2b: Basculegion\n|-damage|p2b: Basculegion|0 fnt\n|faint|p2b: Basculegion\n|-hitcount|p2: Basculegion|1\n|\n|-weather|SunnyDay|[upkeep]\n|upkeep\n|\n|t:|1776581860\n|switch|p2b: Floette|Floette-Eternal, L50, F, shiny|100/100\n|turn|4\n|\n|t:|1776581872\n|detailschange|p2b: Floette|Floette-Mega, L50, F, shiny\n|-mega|p2b: Floette|Floette|Floettite\n|-ability|p2b: Floette|Fairy Aura\n|move|p1b: Farigiraf|Helping Hand|p1a: Golurk\n|-singleturn|p1a: Golurk|Helping Hand|[of] p1b: Farigiraf\n|move|p1a: Golurk|Headlong Rush|p2b: Floette\n|-damage|p2b: Floette|0 fnt\n|-unboost|p1a: Golurk|def|1\n|-unboost|p1a: Golurk|spd|1\n|faint|p2b: Floette\n|\n|win|papatommy\n|raw|papatommy's rating: 1374 &rarr; <strong>1393</strong><br />(+19 for winning)\n|raw|Soggy4047's rating: 1359 &rarr; <strong>1340</strong><br />(-19 for losing)\n|l|\u2606Soggy4047\n|player|p2|\n|l|\u2606papatommy\n|player|p1|\n|j| VegitoSKBEST\n",
  "uploadtime": 1776582070,
  "views": 19,
  "formatid": "gen9championsvgc2026regma",
  "rating": 1340,
  "private": 0,
  "password": null
}