{
  "id": "gen9championsvgc2026regma-2583058785",
  "format": "[Gen 9 Champions] VGC 2026 Reg M-A",
  "players": [
    "matrod",
    "tomcheung22"
  ],
  "log": "|j|\u2606matrod\n|j|\u2606tomcheung22\n|t:|1776137541\n|gametype|doubles\n|player|p1|matrod|steven|\n|player|p2|tomcheung22|bianca|\n|gen|9\n|tier|[Gen 9 Champions] VGC 2026 Reg M-A\n|rated|Tournament battle\n|rule|Species Clause: Limit one of each Pok\u00e9mon\n|rule|Item Clause: Limit 1 of each item\n|raw|<div class=\"infobox\"><details class=\"readmore\" open><summary><strong>1 custom rule:</strong></summary> Force Open Team Sheets</details></div>\n|clearpoke\n|poke|p1|Glimmora, L50, M|\n|poke|p1|Kommo-o, L50, M|\n|poke|p1|Sinistcha, L50|\n|poke|p1|Incineroar, L50, M|\n|poke|p1|Whimsicott, L50, M|\n|poke|p1|Floette-Eternal, L50, F|\n|poke|p2|Scizor, L50, M|\n|poke|p2|Aerodactyl, L50, M|\n|poke|p2|Tyranitar, L50, M|\n|poke|p2|Excadrill, L50, F|\n|poke|p2|Farigiraf, L50, M|\n|poke|p2|Milotic, L50, F|\n|teampreview|4\n|showteam|p1|Glimmora||Glimmoranite|ToxicDebris|PowerGem,SludgeBomb,SpikyShield,MeteorBeam|||M|||50|]Kommo-o||Leftovers|Soundproof|ClangingScales,ClangorousSoul,AuraSphere,Protect|||M|||50|]Sinistcha||OccaBerry|Hospitality|RagePowder,TrickRoom,MatchaGotcha,LifeDew||||||50|]Incineroar||ShucaBerry|Intimidate|ThroatChop,FakeOut,FlareBlitz,PartingShot|||M|||50|]Whimsicott||FocusSash|Prankster|Moonblast,Tailwind,Encore,FakeTears|||M|||50|]Floette-Eternal||Floettite|FlowerVeil|CalmMind,DazzlingGleam,DrainingKiss,Protect|||F|||50|\n|showteam|p2|Scizor||WhiteHerb|Technician|BulletPunch,CloseCombat,Uturn,Protect|||M|||50|]Aerodactyl||Aerodactylite|Unnerve|RockSlide,DualWingbeat,IceFang,Protect|||M|||50|]Tyranitar||ChopleBerry|SandStream|RockSlide,HighHorsepower,KnockOff,Protect|||M|||50|]Excadrill||FocusSash|SandRush|IronHead,HighHorsepower,SwordsDance,Protect|||F|||50|]Farigiraf||LumBerry|ArmorTail|TwinBeam,HyperVoice,Imprison,TrickRoom|||M|||50|]Milotic||WacanBerry|Competitive|Scald,IcyWind,Recover,Hypnosis|||F|||50|\n|j| Carrielis\n|j| knoxxzeta\n|j| pengu\n|j| sille rovert\n|j| random1213\n|j| OnToTheOther\nmatrod has agreed to open team sheets.\n|c|\u2606matrod|double ots\n|c|\u2606matrod|trust\ntomcheung22 has agreed to open team sheets.\n|showteam|p1|Glimmora||Glimmoranite|ToxicDebris|PowerGem,SludgeBomb,SpikyShield,MeteorBeam|||M|||50|]Kommo-o||Leftovers|Soundproof|ClangingScales,ClangorousSoul,AuraSphere,Protect|||M|||50|]Sinistcha||OccaBerry|Hospitality|RagePowder,TrickRoom,MatchaGotcha,LifeDew||||||50|]Incineroar||ShucaBerry|Intimidate|ThroatChop,FakeOut,FlareBlitz,PartingShot|||M|||50|]Whimsicott||FocusSash|Prankster|Moonblast,Tailwind,Encore,FakeTears|||M|||50|]Floette-Eternal||Floettite|FlowerVeil|CalmMind,DazzlingGleam,DrainingKiss,Protect|||F|||50|\n|showteam|p2|Scizor||WhiteHerb|Technician|BulletPunch,CloseCombat,Uturn,Protect|||M|||50|]Aerodactyl||Aerodactylite|Unnerve|RockSlide,DualWingbeat,IceFang,Protect|||M|||50|]Tyranitar||ChopleBerry|SandStream|RockSlide,HighHorsepower,KnockOff,Protect|||M|||50|]Excadrill||FocusSash|SandRush|IronHead,HighHorsepower,SwordsDance,Protect|||F|||50|]Farigiraf||LumBerry|ArmorTail|TwinBeam,HyperVoice,Imprison,TrickRoom|||M|||50|]Milotic||WacanBerry|Competitive|Scald,IcyWind,Recover,Hypnosis|||F|||50|\n|c|\u2606matrod|W\n|c| random1213|evs revealed\n|c|\u2606matrod|LMAO\n|j| Tall Tamara\n|j| fxghta\n|inactive|Battle timer is ON: inactive players will automatically lose when time's up. (requested by matrod)\n|c|\u2606tomcheung22|go easy on me please, literally no building in Champions\n|l| fxghta\n|j| Tealnotsu\n|c|\u2606matrod|im not even ultra ball in game dw\n|l| Tall Tamara\n|c|\u2606matrod|im a chud\n|inactive|matrod has 60 seconds left.\n|c|\u2606tomcheung22|I am literally in poke ball\n|c|\u2606matrod|I just made it out\n|c| Carrielis|tomcheung22 dont listen to him hes lying to you\n|c|\u2606tomcheung22|my nats is reg i :(\n|c| random1213|well im great ball (no teams) and tom you beat the guy that beat me\n|inactive|matrod has 30 seconds left.\n|c|\u2606matrod|Hows your team\n|c|\u2606matrod|for reg i\n|c| random1213|i am god awful tho\n|c| Carrielis|14 people just watched him pull off a masterclass against a trick room team\n|inactive|matrod has 20 seconds left.\n|j| Tall Tamara\n|inactive|matrod has 15 seconds left.\n|j|+holdingb\n|inactive|matrod has 10 seconds left.\n|c|\u2606tomcheung22|It is fine\n|c| random1213|the trick room team was not scuffed at all either\n|inactive|matrod has 5 seconds left.\n|j| takinggaming\n|\n|t:|1776137702\n|teamsize|p1|4\n|teamsize|p2|4\n|start\n|switch|p1a: Floette|Floette-Eternal, L50, F|100/100\n|switch|p1b: Incineroar|Incineroar, L50, M|100/100\n|switch|p2a: Scizor|Scizor, L50, M|100/100\n|switch|p2b: Milotic|Milotic, L50, F|100/100\n|-ability|p1b: Incineroar|Intimidate|boost\n|-unboost|p2a: Scizor|atk|1\n|-unboost|p2b: Milotic|atk|1\n|-ability|p2b: Milotic|Competitive|boost\n|-boost|p2b: Milotic|spa|2\n|-enditem|p2a: Scizor|White Herb\n|-clearnegativeboost|p2a: Scizor|[silent]\n|turn|1\n|c| Carrielis|LOL\n|c| Tall Tamara|triple ots next gen\n|c|\u2606matrod|oh wait\n|c|\u2606matrod|Milotic\n|inactive|matrod has 30 seconds left.\n|inactive|tomcheung22 has 30 seconds left.\n|c| random1213|nothing could go wrong\n|inactive|matrod has 20 seconds left.\n|\n|t:|1776137738\n|detailschange|p1a: Floette|Floette-Mega, L50, F\n|-mega|p1a: Floette|Floette|Floettite\n|-ability|p1a: Floette|Fairy Aura\n|move|p1b: Incineroar|Fake Out|p2b: Milotic\n|-damage|p2b: Milotic|91/100\n|move|p1a: Floette|Calm Mind|p1a: Floette\n|-boost|p1a: Floette|spa|1\n|-boost|p1a: Floette|spd|1\n|move|p2a: Scizor|Close Combat|p1b: Incineroar\n|-supereffective|p1b: Incineroar|1\n|-damage|p1b: Incineroar|18/100\n|-unboost|p2a: Scizor|def|1\n|-unboost|p2a: Scizor|spd|1\n|cant|p2b: Milotic|flinch\n|\n|upkeep\n|turn|2\n|c| Carrielis|Welp games over matrod threw already\n|c|\u2606matrod|welp\n|c|\u2606matrod|thats a lot of dmg\n|inactive|matrod has 30 seconds left.\n|c|\u2606matrod|someone tell me this is bo3\n|j| X2Muz\n|inactive|matrod has 20 seconds left.\n|inactive|matrod has 15 seconds left.\n|\n|t:|1776137783\n|switch|p1b: Kommo-o|Kommo-o, L50, M|100/100\n|move|p2a: Scizor|Bullet Punch|p1a: Floette\n|-supereffective|p1a: Floette|1\n|-damage|p1a: Floette|45/100\n|move|p1a: Floette|Calm Mind|p1a: Floette\n|-boost|p1a: Floette|spa|1\n|-boost|p1a: Floette|spd|1\n|move|p2b: Milotic|Icy Wind|p1b: Kommo-o|[spread] p1a,p1b\n|-supereffective|p1b: Kommo-o|1\n|-damage|p1a: Floette|36/100\n|-damage|p1b: Kommo-o|57/100\n|-unboost|p1a: Floette|spe|1\n|-unboost|p1b: Kommo-o|spe|1\n|\n|-heal|p1b: Kommo-o|63/100|[from] item: Leftovers\n|upkeep\n|turn|3\n|j| magicalarcher57\n|inactive|tomcheung22 has 30 seconds left.\n|j| Rodaku\n|j| maxdeesevgc\n|c| Carrielis|Holy gree\n|\n|t:|1776137812\n|switch|p1b: Sinistcha|Sinistcha, L50|100/100\n|-heal|p1a: Floette|61/100|[from] ability: Hospitality|[of] p1b: Sinistcha\n|move|p1a: Floette|Protect|p1a: Floette\n|-singleturn|p1a: Floette|Protect\n|move|p2a: Scizor|U-turn|p1a: Floette\n|-activate|p1a: Floette|move: Protect\n|move|p2b: Milotic|Icy Wind|p1a: Floette|[spread] p1b\n|-activate|p1a: Floette|move: Protect\n|-supereffective|p1b: Sinistcha|1\n|-crit|p1b: Sinistcha\n|-damage|p1b: Sinistcha|47/100\n|-unboost|p1b: Sinistcha|spe|1\n|\n|upkeep\n|turn|4\n|l| X2Muz\n|c|\u2606matrod|HOLY DAMAGE\n|inactive|matrod has 30 seconds left.\n|\n|t:|1776137844\n|move|p1b: Sinistcha|Rage Powder|p1b: Sinistcha\n|-singleturn|p1b: Sinistcha|move: Rage Powder\n|move|p2a: Scizor|U-turn|p1b: Sinistcha\n|-damage|p1b: Sinistcha|9/100\n|j| X2Muz\n|j| h0nchkrow\n|\n|t:|1776137854\n|switch|p2a: Excadrill|Excadrill, L50, F|100/100|[from] U-turn\n|move|p2b: Milotic|Icy Wind|p1a: Floette|[spread] p1a,p1b\n|-supereffective|p1b: Sinistcha|1\n|-damage|p1a: Floette|53/100\n|-damage|p1b: Sinistcha|0 fnt\n|-unboost|p1a: Floette|spe|1\n|faint|p1b: Sinistcha\n|move|p1a: Floette|Draining Kiss|p2b: Milotic\n|-damage|p2b: Milotic|39/100\n|-heal|p1a: Floette|98/100|[from] drain|[of] p2b: Milotic\n|\n|upkeep\n|j| Cookiecrumble123\n|l| h0nchkrow\n|inactive|matrod has 30 seconds left.\n|j| h0nchkrow\n|inactive|matrod has 20 seconds left.\n|inactive|matrod has 15 seconds left.\n|inactive|matrod has 10 seconds left.\n|\n|t:|1776137900\n|switch|p1b: Incineroar|Incineroar, L50, M|18/100\n|-ability|p1b: Incineroar|Intimidate|boost\n|-unboost|p2a: Excadrill|atk|1\n|-unboost|p2b: Milotic|atk|1\n|-ability|p2b: Milotic|Competitive|boost\n|-boost|p2b: Milotic|spa|2\n|turn|5\n|l| X2Muz\n|c| Carrielis|PLEASE get rid of this fucking demom\n|j| X2Muz\n|c| takinggaming|17 users is crazy\n|inactive|matrod has 30 seconds left.\n|j| Ali_0009\n|l| X2Muz\n|inactive|matrod has 20 seconds left.\n|\n|t:|1776137938\n|move|p1b: Incineroar|Fake Out|p2b: Milotic\n|-damage|p2b: Milotic|30/100\n|move|p2a: Excadrill|Swords Dance|p2a: Excadrill\n|-boost|p2a: Excadrill|atk|2\n|cant|p2b: Milotic|flinch\n|move|p1a: Floette|Dazzling Gleam|p2a: Excadrill|[spread] p2a,p2b\n|-resisted|p2a: Excadrill|1\n|-damage|p2a: Excadrill|43/100\n|-damage|p2b: Milotic|0 fnt\n|faint|p2b: Milotic\n|\n|upkeep\n|c|\u2606matrod|Yea\n|c|\u2606matrod|nice play\n|c|\u2606matrod|dang\n|\n|t:|1776137949\n|switch|p2b: Tyranitar|Tyranitar, L50, M|100/100\n|-weather|Sandstorm|[from] ability: Sand Stream|[of] p2b: Tyranitar\n|turn|6\n|c| random1213|it's the whole tourney because matrod takes eight years per game\n|c|\u2606matrod|My bad\n|c| random1213|luv u matrod\n|c|\u2606matrod|luv u too gang\n|l| Cookiecrumble123\n|inactive|matrod has 30 seconds left.\n|j| Thogi_\n|l| Tealnotsu\n|inactive|matrod has 20 seconds left.\n|\n|t:|1776137985\n|switch|p1b: Kommo-o|Kommo-o, L50, M|63/100\n|move|p1a: Floette|Protect|p1a: Floette\n|-singleturn|p1a: Floette|Protect\n|move|p2a: Excadrill|Iron Head|p1a: Floette\n|-activate|p1a: Floette|move: Protect\n|move|p2b: Tyranitar|Rock Slide|p1a: Floette|[spread] p1b\n|-activate|p1a: Floette|move: Protect\n|-resisted|p1b: Kommo-o|1\n|-damage|p1b: Kommo-o|48/100\n|\n|-weather|Sandstorm|[upkeep]\n|-damage|p1b: Kommo-o|42/100|[from] Sandstorm\n|-damage|p1a: Floette|92/100|[from] Sandstorm\n|-heal|p1b: Kommo-o|48/100|[from] item: Leftovers\n|upkeep\n|turn|7\n|inactive|matrod has 30 seconds left.\n|inactive|tomcheung22 has 30 seconds left.\n|c| Carrielis|Shouldve flare blitzed\n|inactive|matrod has 20 seconds left.\n|inactive|tomcheung22 has 20 seconds left.\n|inactive|matrod has 15 seconds left.\n|inactive|matrod has 10 seconds left.\n|\n|t:|1776138032\n|switch|p1b: Incineroar|Incineroar, L50, M|18/100\n|-ability|p1b: Incineroar|Intimidate|boost\n|-unboost|p2a: Excadrill|atk|1\n|-unboost|p2b: Tyranitar|atk|1\n|move|p2a: Excadrill|Iron Head|p1b: Incineroar\n|-resisted|p1b: Incineroar|1\n|-damage|p1b: Incineroar|0 fnt\n|faint|p1b: Incineroar\n|move|p2b: Tyranitar|Rock Slide|p1a: Floette\n|-damage|p1a: Floette|70/100\n|move|p1a: Floette|Draining Kiss|p2b: Tyranitar\n|-supereffective|p2b: Tyranitar|1\n|-damage|p2b: Tyranitar|16/100\n|-heal|p1a: Floette|100/100|[from] drain|[of] p2b: Tyranitar\n|\n|-weather|Sandstorm|[upkeep]\n|-damage|p1a: Floette|94/100|[from] Sandstorm\n|upkeep\n|\n|t:|1776138043\n|switch|p1b: Kommo-o|Kommo-o, L50, M|48/100\n|turn|8\n|inactive|matrod has 30 seconds left.\n|\n|t:|1776138076\n|move|p2a: Excadrill|Protect|p2a: Excadrill\n|-singleturn|p2a: Excadrill|Protect\n|move|p1a: Floette|Protect|p1a: Floette\n|-singleturn|p1a: Floette|Protect\n|move|p1b: Kommo-o|Aura Sphere|p2a: Excadrill\n|-activate|p2a: Excadrill|move: Protect\n|move|p2b: Tyranitar|Knock Off|p1b: Kommo-o\n|-resisted|p1b: Kommo-o|1\n|-damage|p1b: Kommo-o|31/100\n|-enditem|p1b: Kommo-o|Leftovers|[from] move: Knock Off|[of] p2b: Tyranitar\n|\n|-weather|Sandstorm|[upkeep]\n|-damage|p1b: Kommo-o|25/100|[from] Sandstorm\n|-damage|p1a: Floette|88/100|[from] Sandstorm\n|upkeep\n|turn|9\n|inactive|matrod has 30 seconds left.\n|inactive|matrod has 20 seconds left.\n|c| Carrielis|Ur gonna have to double eventually\n|inactive|matrod has 15 seconds left.\n|inactive|matrod has 10 seconds left.\n|inactive|matrod has 5 seconds left.\n|c| Carrielis|You know you want too\n|\n|t:|1776138131\n|move|p2a: Excadrill|Iron Head|p1a: Floette\n|-supereffective|p1a: Floette|1\n|-damage|p1a: Floette|13/100\n|move|p1b: Kommo-o|Clanging Scales|p2b: Tyranitar|[spread] p2a,p2b\n|-resisted|p2a: Excadrill|1\n|-damage|p2a: Excadrill|19/100\n|-damage|p2b: Tyranitar|0 fnt\n|faint|p2b: Tyranitar\n|-unboost|p1b: Kommo-o|def|1\n|move|p1a: Floette|Calm Mind|p1a: Floette\n|-boost|p1a: Floette|spa|1\n|-boost|p1a: Floette|spd|1\n|\n|-weather|Sandstorm|[upkeep]\n|-damage|p1b: Kommo-o|19/100|[from] Sandstorm\n|-damage|p1a: Floette|7/100|[from] Sandstorm\n|upkeep\n|\n|t:|1776138138\n|switch|p2b: Scizor|Scizor, L50, M|100/100\n|turn|10\n|c|\u2606matrod|i timed out\n|c| Carrielis|OH\n|inactive|matrod has 30 seconds left.\n|c|\u2606tomcheung22|what were you going for?\n|inactive|matrod has 20 seconds left.\n|inactive|matrod has 15 seconds left.\n|c|\u2606matrod|dazzling aura sphere tyranitar\n|inactive|matrod has 10 seconds left.\n|c|\u2606matrod|idk how much it matters\n|inactive|matrod has 5 seconds left.\n|\n|t:|1776138182\n|move|p1a: Floette|Protect|p1a: Floette\n|-singleturn|p1a: Floette|Protect\n|move|p2b: Scizor|Bullet Punch|p1a: Floette\n|-activate|p1a: Floette|move: Protect\n|move|p2a: Excadrill|Iron Head|p1b: Kommo-o\n|-damage|p1b: Kommo-o|0 fnt\n|faint|p1b: Kommo-o\n|\n|-weather|none\n|upkeep\n|turn|11\n|inactive|matrod has 5 seconds left this turn.\n|\n|t:|1776138187\n|move|p2b: Scizor|Bullet Punch|p1a: Floette\n|-supereffective|p1a: Floette|1\n|-damage|p1a: Floette|0 fnt\n|faint|p1a: Floette\n|\n|win|tomcheung22\n|n|\u2606matrod|matrod\n|n|\u2606tomcheung22|tomcheung22\n|n| Carrielis|carrielis\n|n| knoxxzeta|knoxxzeta\n|n| pengu|pengu\n|n| sille rovert|sillerovert\n|n| random1213|random1213\n|n| OnToTheOther|ontotheother\n|n| Tall Tamara|talltamara\n|n| holdingb|holdingb\n|n| takinggaming|takinggaming\n|n| magicalarcher57|magicalarcher57\n|n| Rodaku|rodaku\n|n| maxdeesevgc|maxdeesevgc\n|n| h0nchkrow|h0nchkrow\n|n| Ali_0009|ali0009\n|n| Thogi_|thogi\n|c|\u2606matrod|GG wp\n|l| pengu\n|l| Tall Tamara\n|l| Ali_0009\n|c|\u2606tomcheung22|gg wp\n|l| knoxxzeta\n|l| Carrielis\n|l| Thogi_\n|l| Rodaku\n|l| OnToTheOther\n|l| maxdeesevgc\n|l| random1213\n|l| takinggaming\n|l| holdingb\n|l| magicalarcher57\n|l| h0nchkrow\n",
  "uploadtime": 1776138468,
  "views": 15,
  "formatid": "gen9championsvgc2026regma",
  "rating": null,
  "private": 0,
  "password": null
}