{
  "id": "gen9championsvgc2026regma-2580705814",
  "format": "[Gen 9 Champions] VGC 2026 Reg M-A",
  "players": [
    "Marcshreif",
    "Bayern72915"
  ],
  "log": "|j|\u2606Marcshreif\n|j|\u2606Bayern72915\n|t:|1775925810\n|gametype|doubles\n|player|p1|Marcshreif|101|1055\n|player|p2|Bayern72915|101|1000\n|gen|9\n|tier|[Gen 9 Champions] VGC 2026 Reg M-A\n|rated|\n|rule|Species Clause: Limit one of each Pok\u00e9mon\n|rule|Item Clause: Limit 1 of each item\n|clearpoke\n|poke|p1|Floette-Eternal, L50, F|\n|poke|p1|Incineroar, L50, F|\n|poke|p1|Talonflame, L50, M|\n|poke|p1|Sinistcha, L50|\n|poke|p1|Garchomp, L50, M|\n|poke|p1|Rotom-Wash, L50|\n|poke|p2|Aerodactyl, L50, M|\n|poke|p2|Krookodile, L50, M|\n|poke|p2|Gardevoir, L50, F|\n|poke|p2|Aegislash, L50, M|\n|poke|p2|Hydreigon, L50, M|\n|poke|p2|Milotic, L50, F|\n|teampreview|4\n|inactive|Battle timer is ON: inactive players will automatically lose when time's up. (requested by Marcshreif)\n|inactive|Bayern72915 has 60 seconds left.\n|inactive|Bayern72915 has 30 seconds left.\n|\n|t:|1775925932\n|teamsize|p1|4\n|teamsize|p2|4\n|start\n|switch|p1a: Talonflame|Talonflame, L50, M|100/100\n|switch|p1b: Incineroar|Incineroar, L50, F|100/100\n|switch|p2a: Aerodactyl|Aerodactyl, L50, M|100/100\n|switch|p2b: Milotic|Milotic, L50, F|100/100\n|-ability|p2a: Aerodactyl|Unnerve\n|-ability|p1b: Incineroar|Intimidate|boost\n|-unboost|p2a: Aerodactyl|atk|1\n|-unboost|p2b: Milotic|atk|1\n|-ability|p2b: Milotic|Competitive|boost\n|-boost|p2b: Milotic|spa|2\n|turn|1\n|\n|t:|1775925956\n|move|p1b: Incineroar|Fake Out|p2a: Aerodactyl\n|-resisted|p2a: Aerodactyl|1\n|-damage|p2a: Aerodactyl|94/100\n|move|p1a: Talonflame|Tailwind|p1a: Talonflame\n|-sidestart|p1: Marcshreif|move: Tailwind\n|cant|p2a: Aerodactyl|flinch\n|move|p2b: Milotic|Scald|p1b: Incineroar\n|-supereffective|p1b: Incineroar|1\n|-damage|p1b: Incineroar|0 fnt\n|faint|p1b: Incineroar\n|\n|upkeep\n|\n|t:|1775925966\n|switch|p1b: Floette|Floette-Eternal, L50, F|100/100\n|turn|2\n|\n|t:|1775925992\n|detailschange|p1b: Floette|Floette-Mega, L50, F\n|-mega|p1b: Floette|Floette|Floettite\n|-ability|p1b: Floette|Fairy Aura\n|move|p2a: Aerodactyl|Wide Guard|p2a: Aerodactyl\n|-singleturn|p2a: Aerodactyl|Wide Guard\n|move|p1a: Talonflame|Brave Bird|p2b: Milotic\n|-damage|p2b: Milotic|49/100\n|-enditem|p2b: Milotic|Sitrus Berry|[eat]\n|-heal|p2b: Milotic|73/100|[from] item: Sitrus Berry\n|-damage|p1a: Talonflame|78/100|[from] Recoil\n|move|p1b: Floette|Moonblast|p2a: Aerodactyl\n|-damage|p2a: Aerodactyl|5/100\n|move|p2b: Milotic|Scald|p1a: Talonflame\n|-supereffective|p1a: Talonflame|1\n|-damage|p1a: Talonflame|0 fnt\n|faint|p1a: Talonflame\n|\n|upkeep\n|\n|t:|1775926009\n|switch|p1a: Garchomp|Garchomp, L50, M|100/100\n|turn|3\n|inactive|Marcshreif has 30 seconds left.\n|\n|t:|1775926038\n|move|p2a: Aerodactyl|Wide Guard|p2a: Aerodactyl\n|-singleturn|p2a: Aerodactyl|Wide Guard\n|move|p1b: Floette|Moonblast|p2a: Aerodactyl\n|-damage|p2a: Aerodactyl|0 fnt\n|faint|p2a: Aerodactyl\n|move|p1a: Garchomp|Stomping Tantrum|p2b: Milotic\n|-damage|p2b: Milotic|30/100\n|move|p2b: Milotic|Ice Beam|p1a: Garchomp\n|-supereffective|p1a: Garchomp|2\n|-damage|p1a: Garchomp|0 fnt\n|faint|p1a: Garchomp\n|\n|upkeep\n|\n|t:|1775926051\n|switch|p2a: Aegislash|Aegislash, L50, M|100/100\n|turn|4\n|-message|Marcshreif forfeited.\n|\n|win|Bayern72915\n|raw|Marcshreif's rating: 1055 &rarr; <strong>1034</strong><br />(-21 for losing)\n|raw|Bayern72915's rating: 1000 &rarr; <strong>1046</strong><br />(+46 for winning)\n|l|\u2606Marcshreif\n|player|p1|\n",
  "uploadtime": 1775926117,
  "views": 10,
  "formatid": "gen9championsvgc2026regma",
  "rating": 1034,
  "private": 0,
  "password": null
}