{
  "id": "gen9championsvgc2026regma-2582670947",
  "format": "[Gen 9 Champions] VGC 2026 Reg M-A",
  "players": [
    "gyrohasaura",
    "KilamanolaVGC"
  ],
  "log": "|j|\u2606gyrohasaura\n|j|\u203dKilamanolaVGC\n|t:|1776106263\n|gametype|doubles\n|player|p1|gyrohasaura|ghetsis|1169\n|player|p2|KilamanolaVGC|benga|1103\n|gen|9\n|tier|[Gen 9 Champions] VGC 2026 Reg M-A\n|rated|\n|rule|Species Clause: Limit one of each Pok\u00e9mon\n|rule|Item Clause: Limit 1 of each item\n|clearpoke\n|poke|p1|Froslass, L50, F|\n|poke|p1|Incineroar, L50, M|\n|poke|p1|Garchomp, L50, M|\n|poke|p1|Corviknight, L50, F|\n|poke|p1|Kangaskhan, L50, F|\n|poke|p1|Sinistcha-Masterpiece, L50|\n|poke|p2|Floette-Eternal, L50, F|\n|poke|p2|Garchomp, L50, M|\n|poke|p2|Aerodactyl, L50, M|\n|poke|p2|Kingambit, L50, F|\n|poke|p2|Basculegion, L50, M|\n|poke|p2|Sneasler, L50, M|\n|teampreview|4\n|inactive|Battle timer is ON: inactive players will automatically lose when time's up. (requested by KilamanolaVGC)\nKilamanolaVGC has agreed to open team sheets.\n|inactive|KilamanolaVGC has 60 seconds left.\ngyrohasaura has agreed to open team sheets.\n|showteam|p1|Froslass||Froslassite|CursedBody|Blizzard,ChillingWater,Protect,ShadowBall|||F|||50|]Incineroar||WhiteHerb|Intimidate|FlareBlitz,PartingShot,FakeOut,DarkestLariat|||M|||50|]Garchomp||FocusSash|RoughSkin|Outrage,Earthquake,RockSlide,Protect|||M|||50|]Corviknight||Leftovers|Unnerve|BodyPress,BraveBird,Tailwind,Protect|||F|||50|]Kangaskhan||Kangaskhanite|Scrappy|FakeOut,DrainPunch,SuckerPunch,Protect|||F|||50|]Sinistcha-Masterpiece||KasibBerry|Hospitality|GigaDrain,ShadowBall,Protect,StunSpore||||||50|\n|showteam|p2|Floette-Eternal||Floettite|FlowerVeil|Moonblast,DazzlingGleam,CalmMind,Protect|||F|||50|]Garchomp||LumBerry|RoughSkin|Earthquake,DragonClaw,RockSlide,Protect|||M|||50|]Aerodactyl||FocusSash|Unnerve|RockSlide,DualWingbeat,Tailwind,Protect|||M|||50|]Kingambit||BlackGlasses|Defiant|KowtowCleave,SuckerPunch,IronHead,Protect|||F|||50|]Basculegion||ChoiceScarf|Adaptability|WaveCrash,LastRespects,AquaJet,FlipTurn|||M|||50|]Sneasler||WhiteHerb|Unburden|CloseCombat,DireClaw,FakeOut,Protect|||M|||50|\n|inactive|KilamanolaVGC has 30 seconds left.\n|\n|t:|1776106324\n|teamsize|p1|4\n|teamsize|p2|4\n|start\n|switch|p1a: Froslass|Froslass, L50, F, shiny|100/100\n|switch|p1b: Corviknight|Corviknight, L50, F|100/100\n|switch|p2a: Sneasler|Sneasler, L50, M, shiny|100/100\n|switch|p2b: Kingambit|Kingambit, L50, F, shiny|100/100\n|-ability|p1b: Corviknight|Unnerve\n|turn|1\n|\n|t:|1776106351\n|switch|p1a: Incineroar|Incineroar, L50, M, shiny|100/100\n|-ability|p1a: Incineroar|Intimidate|boost\n|-unboost|p2a: Sneasler|atk|1\n|-unboost|p2b: Kingambit|atk|1\n|-ability|p2b: Kingambit|Defiant|boost\n|-boost|p2b: Kingambit|atk|2\n|-enditem|p2a: Sneasler|White Herb\n|-clearnegativeboost|p2a: Sneasler|[silent]\n|move|p2a: Sneasler|Close Combat|p1b: Corviknight\n|-damage|p1b: Corviknight|55/100\n|-unboost|p2a: Sneasler|def|1\n|-unboost|p2a: Sneasler|spd|1\n|move|p1b: Corviknight|Tailwind|p1b: Corviknight\n|-sidestart|p1: gyrohasaura|move: Tailwind\n|move|p2b: Kingambit|Kowtow Cleave|p1b: Corviknight\n|-damage|p1b: Corviknight|0 fnt\n|faint|p1b: Corviknight\n|\n|upkeep\n|\n|t:|1776106366\n|switch|p1b: Froslass|Froslass, L50, F, shiny|100/100\n|turn|2\n|\n|t:|1776106374\n|detailschange|p1b: Froslass|Froslass-Mega, L50, F, shiny\n|-mega|p1b: Froslass|Froslass|Froslassite\n|-weather|Snowscape|[from] ability: Snow Warning|[of] p1b: Froslass\n|move|p2a: Sneasler|Protect|p2a: Sneasler\n|-singleturn|p2a: Sneasler|Protect\n|move|p2b: Kingambit|Protect|p2b: Kingambit\n|-singleturn|p2b: Kingambit|Protect\n|move|p1b: Froslass|Blizzard|p2b: Kingambit|[spread] \n|-activate|p2a: Sneasler|move: Protect\n|-activate|p2b: Kingambit|move: Protect\n|move|p1a: Incineroar|Flare Blitz|p2b: Kingambit\n|-activate|p2b: Kingambit|move: Protect\n|\n|-weather|Snowscape|[upkeep]\n|upkeep\n|turn|3\n|\n|t:|1776106388\n|move|p2b: Kingambit|Sucker Punch|p1b: Froslass\n|-supereffective|p1b: Froslass|1\n|-damage|p1b: Froslass|0 fnt\n|faint|p1b: Froslass\n|move|p2a: Sneasler|Close Combat|p1a: Incineroar\n|-supereffective|p1a: Incineroar|1\n|-damage|p1a: Incineroar|0 fnt\n|-unboost|p2a: Sneasler|def|1\n|-unboost|p2a: Sneasler|spd|1\n|faint|p1a: Incineroar\n|\n|-weather|Snowscape|[upkeep]\n|upkeep\n|-message|gyrohasaura forfeited.\n|\n|win|KilamanolaVGC\n|raw|gyrohasaura's rating: 1169 &rarr; <strong>1139</strong><br />(-30 for losing)\n|raw|KilamanolaVGC's rating: 1103 &rarr; <strong>1133</strong><br />(+30 for winning)\n|l|\u2606gyrohasaura\n|player|p1|\n",
  "uploadtime": 1776106415,
  "views": 32,
  "formatid": "gen9championsvgc2026regma",
  "rating": 1133,
  "private": 0,
  "password": null
}