{
  "id": "gen9championsvgc2026regma-2581095785",
  "format": "[Gen 9 Champions] VGC 2026 Reg M-A",
  "players": [
    "1NamiGlazer",
    "99999999999ooo9999"
  ],
  "log": "|j|\u26061NamiGlazer\n|j|\u260699999999999ooo9999\n|t:|1775959432\n|gametype|doubles\n|player|p1|1NamiGlazer|guzma|1061\n|player|p2|99999999999ooo9999|lucas|1148\n|gen|9\n|tier|[Gen 9 Champions] VGC 2026 Reg M-A\n|rated|\n|rule|Species Clause: Limit one of each Pok\u00e9mon\n|rule|Item Clause: Limit 1 of each item\n|clearpoke\n|poke|p1|Crabominable, L50, M|\n|poke|p1|Farigiraf, L50, M|\n|poke|p1|Incineroar, L50, M|\n|poke|p1|Sinistcha, L50|\n|poke|p1|Chesnaught, L50, M|\n|poke|p1|Ninetales-Alola, L50, F|\n|poke|p2|Archaludon, L50, F|\n|poke|p2|Basculegion, L50, M|\n|poke|p2|Pelipper, L50, F|\n|poke|p2|Kingambit, L50, M|\n|poke|p2|Sinistcha, L50|\n|poke|p2|Gengar, L50, F|\n|teampreview|4\n|inactive|Battle timer is ON: inactive players will automatically lose when time's up. (requested by 1NamiGlazer)\n|inactive|99999999999ooo9999 also wants the timer to be on.\n|\n|t:|1775959461\n|teamsize|p1|4\n|teamsize|p2|4\n|start\n|switch|p1a: Farigiraf|Farigiraf, L50, M|100/100\n|switch|p1b: Incineroar|Incineroar, L50, M|100/100\n|switch|p2a: Basculegion|Basculegion, L50, M|100/100\n|switch|p2b: Archaludon|Archaludon, L50, F|100/100\n|-ability|p1b: Incineroar|Intimidate|boost\n|-unboost|p2a: Basculegion|atk|1\n|-unboost|p2b: Archaludon|atk|1\n|turn|1\n|inactive|99999999999ooo9999 has 30 seconds left.\n|\n|t:|1775959488\n|move|p1b: Incineroar|Fake Out|p2b: Archaludon\n|-resisted|p2b: Archaludon|1\n|-damage|p2b: Archaludon|96/100\n|-ability|p2b: Archaludon|Stamina|boost\n|-boost|p2b: Archaludon|def|1\n|move|p2a: Basculegion|Flip Turn|p1b: Incineroar\n|-supereffective|p1b: Incineroar|1\n|-enditem|p1b: Incineroar|Passho Berry|[eat]\n|-enditem|p1b: Incineroar|Passho Berry|[weaken]\n|-damage|p1b: Incineroar|76/100\n|\n|t:|1775959501\n|switch|p2a: Pelipper|Pelipper, L50, F|100/100|[from] Flip Turn\n|-weather|RainDance|[from] ability: Drizzle|[of] p2a: Pelipper\n|cant|p2b: Archaludon|flinch\n|move|p1a: Farigiraf|Trick Room|p1a: Farigiraf\n|-fieldstart|move: Trick Room|[of] p1a: Farigiraf\n|\n|-weather|RainDance|[upkeep]\n|-heal|p2b: Archaludon|100/100|[from] item: Leftovers\n|upkeep\n|turn|2\n|inactive|1NamiGlazer has 30 seconds left.\n|\n|t:|1775959527\n|move|p1b: Incineroar|Parting Shot|p2b: Archaludon\n|-unboost|p2b: Archaludon|atk|1\n|-unboost|p2b: Archaludon|spa|1\n|\n|t:|1775959530\n|switch|p1b: Crabominable|Crabominable, L50, M|100/100|[from] Parting Shot\n|move|p1a: Farigiraf|Thunder Wave|p2b: Archaludon|[miss]\n|-miss|p1a: Farigiraf|p2b: Archaludon\n|move|p2a: Pelipper|Hurricane|p1b: Crabominable\n|-supereffective|p1b: Crabominable|1\n|-crit|p1b: Crabominable\n|-damage|p1b: Crabominable|0 fnt\n|faint|p1b: Crabominable\n|move|p2b: Archaludon|Electro Shot||[still]\n|-prepare|p2b: Archaludon|Electro Shot\n|-boost|p2b: Archaludon|spa|1\n|-anim|p2b: Archaludon|Electro Shot|p1a: Farigiraf\n|-damage|p1a: Farigiraf|56/100\n|\n|-weather|RainDance|[upkeep]\n|-heal|p1a: Farigiraf|62/100|[from] item: Leftovers\n|upkeep\n|c|\u26061NamiGlazer|Yo\n|c|\u26061NamiGlazer|Son\n|inactive|1NamiGlazer has 30 seconds left.\n|c|\u26061NamiGlazer|you did NOT do that intentionally\n|inactive|1NamiGlazer has 20 seconds left.\n|-message|1NamiGlazer forfeited.\n|\n|win|99999999999ooo9999\n|raw|1NamiGlazer's rating: 1061 &rarr; <strong>1047</strong><br />(-14 for losing)\n|raw|99999999999ooo9999's rating: 1148 &rarr; <strong>1167</strong><br />(+19 for winning)\n|l|\u26061NamiGlazer\n|player|p1|\n",
  "uploadtime": 1775959572,
  "views": 12,
  "formatid": "gen9championsvgc2026regma",
  "rating": 1047,
  "private": 0,
  "password": null
}