{
  "id": "gen9championsvgc2026regma-2585104476",
  "format": "[Gen 9 Champions] VGC 2026 Reg M-A",
  "players": [
    "SilverSocks",
    "grottle7"
  ],
  "log": "|j|\u2606SilverSocks\n|j|\u2606grottle7\n|t:|1776312250\n|gametype|doubles\n|player|p1|SilverSocks|drayton|1116\n|player|p2|grottle7|veteran|1070\n|gen|9\n|tier|[Gen 9 Champions] VGC 2026 Reg M-A\n|rated|\n|rule|Species Clause: Limit one of each Pok\u00e9mon\n|rule|Item Clause: Limit 1 of each item\n|clearpoke\n|poke|p1|Espathra, L50, M|\n|poke|p1|Clefable, L50, F|\n|poke|p1|Basculegion, L50, M|\n|poke|p1|Torkoal, L50, F|\n|poke|p1|Kommo-o, L50, F|\n|poke|p1|Incineroar, L50, M|\n|poke|p2|Whimsicott, L50, F|\n|poke|p2|Gardevoir, L50, M|\n|poke|p2|Azumarill, L50, F|\n|poke|p2|Aerodactyl, L50, M|\n|poke|p2|Meganium, L50, F|\n|poke|p2|Dragonite, L50, F|\n|teampreview|4\n|\n|t:|1776312275\n|teamsize|p1|4\n|teamsize|p2|4\n|start\n|switch|p1a: Espathra|Espathra, L50, M|100/100\n|switch|p1b: Clefable|Clefable, L50, F|100/100\n|switch|p2a: Whimsicott|Whimsicott, L50, F|100/100\n|switch|p2b: Gardevoir|Gardevoir, L50, M|100/100\n|-ability|p2b: Gardevoir|Cute Charm|Trace|[from] ability: Trace|[of] p1b: Clefable\n|turn|1\n|\n|t:|1776312305\n|detailschange|p1b: Clefable|Clefable-Mega, L50, F\n|-mega|p1b: Clefable|Clefable|Clefablite\n|move|p1a: Espathra|Protect|p1a: Espathra\n|-singleturn|p1a: Espathra|Protect\n|move|p2a: Whimsicott|Taunt|p1b: Clefable\n|move|p1b: Clefable|Taunt|p2a: Whimsicott|[from] ability: Magic Bounce\n|-start|p2a: Whimsicott|move: Taunt\n|move|p2b: Gardevoir|Moonblast|p1a: Espathra\n|-activate|p1a: Espathra|move: Protect\n|move|p1b: Clefable|Thunder Wave|p2b: Gardevoir\n|-status|p2b: Gardevoir|par\n|\n|-ability|p1a: Espathra|Speed Boost|boost\n|-boost|p1a: Espathra|spe|1\n|upkeep\n|turn|2\n|\n|t:|1776312328\n|move|p1a: Espathra|Substitute|p1a: Espathra\n|-start|p1a: Espathra|Substitute\n|-damage|p1a: Espathra|76/100\n|move|p2a: Whimsicott|Moonblast|p1a: Espathra\n|-end|p1a: Espathra|Substitute\n|move|p2b: Gardevoir|Moonblast|p1a: Espathra\n|-damage|p1a: Espathra|11/100\n|move|p1b: Clefable|Thunder Wave|p2a: Whimsicott\n|-status|p2a: Whimsicott|par\n|\n|-ability|p1a: Espathra|Speed Boost|boost\n|-boost|p1a: Espathra|spe|1\n|upkeep\n|turn|3\n|\n|t:|1776312350\n|switch|p1b: Incineroar|Incineroar, L50, M|100/100\n|-ability|p1b: Incineroar|Intimidate|boost\n|-unboost|p2a: Whimsicott|atk|1\n|-unboost|p2b: Gardevoir|atk|1\n|move|p1a: Espathra|Protect|p1a: Espathra\n|-singleturn|p1a: Espathra|Protect\n|move|p2b: Gardevoir|Moonblast|p1a: Espathra\n|-activate|p1a: Espathra|move: Protect\n|move|p2a: Whimsicott|Moonblast|p1a: Espathra\n|-activate|p1a: Espathra|move: Protect\n|\n|-ability|p1a: Espathra|Speed Boost|boost\n|-boost|p1a: Espathra|spe|1\n|upkeep\n|turn|4\n|\n|t:|1776312372\n|switch|p1b: Kommo-o|Kommo-o, L50, F|100/100\n|move|p1a: Espathra|Baton Pass|p1a: Espathra\n|\n|t:|1776312376\n|switch|p1a: Incineroar|Incineroar, L50, M|100/100|[from] Baton Pass\n|-ability|p1a: Incineroar|Intimidate|boost\n|-unboost|p2a: Whimsicott|atk|1\n|-unboost|p2b: Gardevoir|atk|1\n|move|p2b: Gardevoir|Moonblast|p1b: Kommo-o\n|-supereffective|p1b: Kommo-o|2\n|-damage|p1b: Kommo-o|0 fnt\n|faint|p1b: Kommo-o\n|move|p2a: Whimsicott|Moonblast|p1a: Incineroar\n|-damage|p1a: Incineroar|74/100\n|\n|-heal|p1a: Incineroar|80/100|[from] item: Leftovers\n|-end|p2a: Whimsicott|move: Taunt\n|upkeep\n|-message|SilverSocks forfeited.\n|\n|win|grottle7\n|raw|SilverSocks's rating: 1116 &rarr; <strong>1088</strong><br />(-28 for losing)\n|raw|grottle7's rating: 1070 &rarr; <strong>1103</strong><br />(+33 for winning)\n|l|\u2606SilverSocks\n|player|p1|\n",
  "uploadtime": 1776312418,
  "views": 24,
  "formatid": "gen9championsvgc2026regma",
  "rating": 1088,
  "private": 0,
  "password": null
}