{
  "id": "gen9championsvgc2026regma-2585890448",
  "format": "[Gen 9 Champions] VGC 2026 Reg M-A",
  "players": [
    "BroDontFuckWithMe",
    "Squittzle"
  ],
  "log": "|j|\u2606BroDontFuckWithMe\n|j|\u2606Squittzle\n|t:|1776378823\n|gametype|doubles\n|player|p1|BroDontFuckWithMe|169|1279\n|player|p2|Squittzle|266|1350\n|gen|9\n|tier|[Gen 9 Champions] VGC 2026 Reg M-A\n|rated|\n|rule|Species Clause: Limit one of each Pok\u00e9mon\n|rule|Item Clause: Limit 1 of each item\n|clearpoke\n|poke|p1|Starmie, L50|\n|poke|p1|Rotom-Heat, L50|\n|poke|p1|Excadrill, L50, F|\n|poke|p1|Sinistcha, L50|\n|poke|p1|Tyranitar, L50, F|\n|poke|p1|Gardevoir, L50, F|\n|poke|p2|Zoroark-Hisui, L50, F|\n|poke|p2|Floette-Eternal, L50, F|\n|poke|p2|Kingambit, L50, F|\n|poke|p2|Talonflame, L50, M|\n|poke|p2|Kommo-o, L50, M|\n|poke|p2|Starmie, L50|\n|teampreview|4\n|inactive|Battle timer is ON: inactive players will automatically lose when time's up. (requested by Squittzle)\n|\n|t:|1776378865\n|teamsize|p1|4\n|teamsize|p2|4\n|start\n|switch|p1a: Tyranitar|Tyranitar, L50, F|100/100\n|switch|p1b: Excadrill|Excadrill, L50, F|100/100\n|switch|p2a: Kommo-o|Kommo-o, L50, M|100/100\n|switch|p2b: Starmie|Starmie, L50|100/100\n|-weather|Sandstorm|[from] ability: Sand Stream|[of] p1a: Tyranitar\n|turn|1\n|\n|t:|1776378889\n|detailschange|p2b: Starmie|Starmie-Mega, L50\n|-mega|p2b: Starmie|Starmie|Starminite\n|detailschange|p1a: Tyranitar|Tyranitar-Mega, L50, F\n|-mega|p1a: Tyranitar|Tyranitar|Tyranitarite\n|move|p1b: Excadrill|Iron Head|p2b: Starmie\n|-resisted|p2b: Starmie|1\n|-damage|p2b: Starmie|69/100\n|move|p2a: Kommo-o|Icy Wind|p1a: Tyranitar|[spread] p1a,p1b\n|-damage|p1a: Tyranitar|93/100\n|-damage|p1b: Excadrill|81/100\n|-unboost|p1a: Tyranitar|spe|1\n|-unboost|p1b: Excadrill|spe|1\n|move|p2b: Starmie|Liquidation|p1b: Excadrill\n|-supereffective|p1b: Excadrill|1\n|-damage|p1b: Excadrill|0 fnt\n|faint|p1b: Excadrill\n|move|p1a: Tyranitar|Assurance|p2b: Starmie\n|-supereffective|p2b: Starmie|1\n|-damage|p2b: Starmie|0 fnt\n|faint|p2b: Starmie\n|\n|-weather|Sandstorm|[upkeep]\n|-damage|p2a: Kommo-o|94/100|[from] Sandstorm\n|upkeep\n|\n|t:|1776378912\n|switch|p2b: Kommo-o|Kommo-o, L50, M|100/100\n|switch|p1b: Rotom|Rotom-Heat, L50|100/100\n|turn|2\n|\n|t:|1776378929\n|move|p2b: Kommo-o|Aura Sphere|p1a: Tyranitar\n|-supereffective|p1a: Tyranitar|2\n|-crit|p1a: Tyranitar\n|-damage|p1a: Tyranitar|0 fnt\n|faint|p1a: Tyranitar\n|move|p2a: Kommo-o|Shadow Ball|p1b: Rotom\n|-damage|p1b: Rotom|52/100\n|-unboost|p1b: Rotom|spd|1\n|move|p1b: Rotom|Thunderbolt|p2b: Kommo-o\n|-resisted|p2b: Kommo-o|1\n|-damage|p2b: Kommo-o|77/100\n|-status|p2b: Kommo-o|par\n|\n|-weather|Sandstorm|[upkeep]\n|-damage|p2a: Kommo-o|88/100|[from] Sandstorm\n|-damage|p1b: Rotom|47/100|[from] Sandstorm\n|-enditem|p1b: Rotom|Sitrus Berry|[eat]\n|-heal|p1b: Rotom|72/100|[from] item: Sitrus Berry\n|upkeep\n|\n|t:|1776378933\n|switch|p1a: Sinistcha|Sinistcha, L50|100/100\n|-heal|p1b: Rotom|97/100|[from] ability: Hospitality|[of] p1a: Sinistcha\n|turn|3\n|\n|t:|1776378953\n|move|p2a: Kommo-o|Taunt|p1a: Sinistcha\n|-start|p1a: Sinistcha|move: Taunt\n|move|p1b: Rotom|Thunderbolt|p2a: Kommo-o\n|-damage|p2a: Kommo-o|9/100\n|replace|p2a: Zoroark|Zoroark-Hisui, L50, F\n|-end|p2a: Zoroark|Illusion\n|move|p2b: Kommo-o|Aura Sphere|p1b: Rotom\n|-damage|p1b: Rotom|29/100\n|cant|p1a: Sinistcha|move: Taunt|Strength Sap\n|\n|-weather|Sandstorm|[upkeep]\n|-damage|p2a: Zoroark|3/100|[from] Sandstorm\n|-damage|p1b: Rotom|24/100|[from] Sandstorm\n|-damage|p1a: Sinistcha|94/100|[from] Sandstorm\n|-heal|p1a: Sinistcha|100/100|[from] item: Leftovers\n|upkeep\n|turn|4\n|\n|t:|1776378970\n|move|p1b: Rotom|Protect|p1b: Rotom\n|-singleturn|p1b: Rotom|Protect\n|move|p2a: Zoroark|Shadow Ball|p1a: Sinistcha\n|-supereffective|p1a: Sinistcha|1\n|-damage|p1a: Sinistcha|32/100\n|move|p2b: Kommo-o|Aura Sphere|p1b: Rotom\n|-activate|p1b: Rotom|move: Protect\n|move|p1a: Sinistcha|Matcha Gotcha|p2a: Zoroark|[spread] p2a,p2b\n|-resisted|p2b: Kommo-o|1\n|-damage|p2a: Zoroark|0 fnt\n|-heal|p1a: Sinistcha|33/100|[from] drain|[of] p2a: Zoroark\n|-damage|p2b: Kommo-o|64/100 par\n|-heal|p1a: Sinistcha|39/100|[from] drain|[of] p2b: Kommo-o\n|faint|p2a: Zoroark\n|\n|-weather|Sandstorm|[upkeep]\n|-damage|p1b: Rotom|18/100|[from] Sandstorm\n|-damage|p1a: Sinistcha|33/100|[from] Sandstorm\n|-heal|p1a: Sinistcha|39/100|[from] item: Leftovers\n|upkeep\n|-message|BroDontFuckWithMe forfeited.\n|\n|win|Squittzle\n|raw|BroDontFuckWithMe's rating: 1279 &rarr; <strong>1259</strong><br />(-20 for losing)\n|raw|Squittzle's rating: 1350 &rarr; <strong>1366</strong><br />(+16 for winning)\n",
  "uploadtime": 1776378981,
  "views": 22,
  "formatid": "gen9championsvgc2026regma",
  "rating": 1259,
  "private": 0,
  "password": null
}