{
  "id": "gen9championsvgc2026regma-2584392823",
  "format": "[Gen 9 Champions] VGC 2026 Reg M-A",
  "players": [
    "crazyshit14",
    "Icicle220"
  ],
  "log": "|j|\u2606crazyshit14\n|j|\u2606Icicle220\n|t:|1776257517\n|gametype|doubles\n|player|p1|crazyshit14|1|1075\n|player|p2|Icicle220|clemont|1150\n|gen|9\n|tier|[Gen 9 Champions] VGC 2026 Reg M-A\n|rated|\n|rule|Species Clause: Limit one of each Pok\u00e9mon\n|rule|Item Clause: Limit 1 of each item\n|clearpoke\n|poke|p1|Gallade, L50, M|\n|poke|p1|Lucario, L50, M|\n|poke|p1|Torkoal, L50, M|\n|poke|p1|Maushold-Four, L50|\n|poke|p1|Drampa, L50, F|\n|poke|p1|Sylveon, L50, M|\n|poke|p2|Rotom-Heat, L50|\n|poke|p2|Aegislash, L50, M|\n|poke|p2|Tyranitar, L50, F|\n|poke|p2|Starmie, L50|\n|poke|p2|Aerodactyl, L50, M|\n|poke|p2|Garchomp, L50, M|\n|teampreview|4\n|\n|t:|1776257546\n|teamsize|p1|4\n|teamsize|p2|4\n|start\n|switch|p1a: Gallade|Gallade, L50, M|100/100\n|switch|p1b: Lucario|Lucario, L50, M|100/100\n|switch|p2a: (name wip)|Aerodactyl, L50, M|100/100\n|switch|p2b: Fil|Rotom-Heat, L50, shiny|100/100\n|-ability|p2a: (name wip)|Unnerve\n|turn|1\n|\n|t:|1776257564\n|detailschange|p1a: Gallade|Gallade-Mega, L50, M\n|-mega|p1a: Gallade|Gallade|Galladite\n|move|p1b: Lucario|Final Gambit|p2a: (name wip)\n|-enditem|p2a: (name wip)|Focus Sash\n|-damage|p2a: (name wip)|1/100\n|faint|p1b: Lucario\n|move|p2a: (name wip)|Tailwind|p2a: (name wip)\n|-sidestart|p2: Icicle220|move: Tailwind\n|move|p2b: Fil|Thunderbolt|p1a: Gallade\n|-damage|p1a: Gallade|60/100\n|move|p1a: Gallade|Trick Room|p1a: Gallade\n|-fieldstart|move: Trick Room|[of] p1a: Gallade\n|\n|upkeep\n|c|\u2606Icicle220|fah\n|\n|t:|1776257578\n|switch|p1b: Torkoal|Torkoal, L50, M|100/100\n|-weather|SunnyDay|[from] ability: Drought|[of] p1b: Torkoal\n|turn|2\n|\n|t:|1776257596\n|move|p1b: Torkoal|Eruption|p2a: (name wip)|[spread] p2a,p2b\n|-resisted|p2a: (name wip)|1\n|-resisted|p2b: Fil|1\n|-damage|p2a: (name wip)|0 fnt\n|-damage|p2b: Fil|51/100\n|faint|p2a: (name wip)\n|move|p1a: Gallade|Close Combat|p2b: Fil\n|-damage|p2b: Fil|0 fnt\n|-unboost|p1a: Gallade|def|1\n|-unboost|p1a: Gallade|spd|1\n|faint|p2b: Fil\n|\n|-weather|SunnyDay|[upkeep]\n|upkeep\n|\n|t:|1776257600\n|switch|p2b: COMBATTENTI|Starmie, L50|100/100\n|switch|p2a: Godzilla|Tyranitar, L50, F, shiny|100/100\n|-weather|Sandstorm|[from] ability: Sand Stream|[of] p2a: Godzilla\n|turn|3\n|\n|t:|1776257628\n|switch|p1a: Drampa|Drampa, L50, F|100/100\n|-ability|p1a: Drampa|Cloud Nine\n|detailschange|p2b: COMBATTENTI|Starmie-Mega, L50\n|-mega|p2b: COMBATTENTI|Starmie|Starminite\n|move|p1b: Torkoal|Eruption|p2b: COMBATTENTI|[spread] p2a,p2b\n|-resisted|p2a: Godzilla|1\n|-resisted|p2b: COMBATTENTI|1\n|-damage|p2a: Godzilla|68/100\n|-damage|p2b: COMBATTENTI|63/100\n|move|p2a: Godzilla|Rock Slide|p1a: Drampa|[spread] p1a,p1b\n|-supereffective|p1b: Torkoal|1\n|-damage|p1a: Drampa|66/100\n|-damage|p1b: Torkoal|56/100\n|move|p2b: COMBATTENTI|Liquidation|p1b: Torkoal\n|-supereffective|p1b: Torkoal|1\n|-damage|p1b: Torkoal|0 fnt\n|faint|p1b: Torkoal\n|\n|-weather|Sandstorm|[upkeep]\n|upkeep\n|\n|t:|1776257645\n|switch|p1b: Gallade|Gallade-Mega, L50, M|60/100\n|turn|4\n|\n|t:|1776257653\n|move|p1a: Drampa|Draco Meteor|p2b: COMBATTENTI\n|-damage|p2b: COMBATTENTI|0 fnt\n|-unboost|p1a: Drampa|spa|2\n|faint|p2b: COMBATTENTI\n|move|p1b: Gallade|Close Combat|p2a: Godzilla\n|-supereffective|p2a: Godzilla|2\n|-damage|p2a: Godzilla|0 fnt\n|-unboost|p1b: Gallade|def|1\n|-unboost|p1b: Gallade|spd|1\n|faint|p2a: Godzilla\n|\n|win|crazyshit14\n|raw|crazyshit14's rating: 1075 &rarr; <strong>1110</strong><br />(+35 for winning)\n|raw|Icicle220's rating: 1150 &rarr; <strong>1120</strong><br />(-30 for losing)\n|l|\u2606Icicle220\n|player|p2|\n",
  "uploadtime": 1776257677,
  "views": 27,
  "formatid": "gen9championsvgc2026regma",
  "rating": 1110,
  "private": 0,
  "password": null
}