{
  "id": "gen9championsvgc2026regma-2584957835",
  "format": "[Gen 9 Champions] VGC 2026 Reg M-A",
  "players": [
    "RainIsForPussies23",
    "Guest 6052854"
  ],
  "log": "|j|\u2606RainIsForPussies23\n|j|\u203dGuest 6052854\n|t:|1776298111\n|gametype|doubles\n|player|p1|RainIsForPussies23|hilbert-wonderlauncher|1000\n|player|p2|Guest 6052854|lusamine-nihilego|1011\n|gen|9\n|tier|[Gen 9 Champions] VGC 2026 Reg M-A\n|rated|\n|rule|Species Clause: Limit one of each Pok\u00e9mon\n|rule|Item Clause: Limit 1 of each item\n|clearpoke\n|poke|p1|Garchomp, L50, M|\n|poke|p1|Dragonite, L50, F|\n|poke|p1|Incineroar, L50, F|\n|poke|p1|Sneasler, L50, F|\n|poke|p1|Froslass, L50, F|\n|poke|p1|Whimsicott, L50, F|\n|poke|p2|Floette-Eternal, L50, F|\n|poke|p2|Clawitzer, L50, M|\n|poke|p2|Alcremie, L50, F|\n|poke|p2|Polteageist-Antique, L50|\n|poke|p2|Vivillon-Pokeball, L50, M|\n|poke|p2|Meowscarada, L50, M|\n|teampreview|4\n|inactive|Battle timer is ON: inactive players will automatically lose when time's up. (requested by Guest 6052854)\nRainIsForPussies23 has agreed to open team sheets.\n|\n|t:|1776298135\n|teamsize|p1|4\n|teamsize|p2|4\n|start\n|switch|p1a: Whimsicott|Whimsicott, L50, F|100/100\n|switch|p1b: Incineroar|Incineroar, L50, F|100/100\n|switch|p2a: Alcremie|Alcremie, L50, F|100/100\n|switch|p2b: Floette|Floette-Eternal, L50, F|100/100\n|-ability|p1b: Incineroar|Intimidate|boost\n|-unboost|p2a: Alcremie|atk|1\n|-unboost|p2b: Floette|atk|1\n|turn|1\n|\n|t:|1776298146\n|move|p1b: Incineroar|Fake Out|p2b: Floette\n|-damage|p2b: Floette|77/100\n|move|p1a: Whimsicott|Tailwind|p1a: Whimsicott\n|-sidestart|p1: RainIsForPussies23|move: Tailwind\n|cant|p2b: Floette|flinch\n|move|p2a: Alcremie|Decorate|p2b: Floette\n|-boost|p2b: Floette|atk|2\n|-boost|p2b: Floette|spa|2\n|\n|upkeep\n|turn|2\n|\n|t:|1776298162\n|move|p2b: Floette|Endure|p2b: Floette\n|-singleturn|p2b: Floette|move: Endure\n|move|p1a: Whimsicott|Dazzling Gleam|p2a: Alcremie|[spread] p2a,p2b\n|-damage|p2a: Alcremie|87/100\n|-damage|p2b: Floette|60/100\n|move|p1b: Incineroar|Flare Blitz|p2b: Floette\n|-activate|p2b: Floette|move: Endure\n|-damage|p2b: Floette|1/100\n|-damage|p1b: Incineroar|85/100|[from] Recoil\n|move|p2a: Alcremie|Decorate|p2b: Floette\n|-boost|p2b: Floette|atk|2\n|-boost|p2b: Floette|spa|2\n|\n|-heal|p2a: Alcremie|92/100|[from] item: Leftovers\n|upkeep\n|turn|3\n|\n|t:|1776298183\n|detailschange|p2b: Floette|Floette-Mega, L50, F\n|-mega|p2b: Floette|Floette|Floettite\n|-ability|p2b: Floette|Fairy Aura\n|move|p1a: Whimsicott|Dazzling Gleam|p2a: Alcremie|[spread] p2a,p2b\n|-damage|p2a: Alcremie|74/100\n|-damage|p2b: Floette|0 fnt\n|faint|p2b: Floette\n|move|p1b: Incineroar|Parting Shot|p2a: Alcremie\n|-unboost|p2a: Alcremie|atk|1\n|-unboost|p2a: Alcremie|spa|1\n|\n|t:|1776298195\n|switch|p1b: Sneasler|Sneasler, L50, F|100/100|[from] Parting Shot\n|move|p2a: Alcremie|Pain Split|p2: Floette|[notarget]\n|-fail|p2a: Alcremie\n|\n|-heal|p2a: Alcremie|80/100|[from] item: Leftovers\n|upkeep\n|-message|Guest 6052854 forfeited.\n|\n|win|RainIsForPussies23\n|raw|RainIsForPussies23's rating: 1000 &rarr; <strong>1041</strong><br />(+41 for winning)\n|raw|Guest 6052854's rating: 1011 &rarr; <strong>1000</strong><br />(-11 for losing)\n|l|\u203dGuest 6052854\n|player|p2|\n",
  "uploadtime": 1776298206,
  "views": 16,
  "formatid": "gen9championsvgc2026regma",
  "rating": 1000,
  "private": 0,
  "password": null
}