{
  "id": "gen9championsvgc2026regma-2583603990",
  "format": "[Gen 9 Champions] VGC 2026 Reg M-A",
  "players": [
    "debouls",
    "parstesting"
  ],
  "log": "|j|\u2606debouls\n|j|\u2606parstesting\n|t:|1776186001\n|gametype|doubles\n|player|p1|debouls|2|1279\n|player|p2|parstesting|169|1205\n|gen|9\n|tier|[Gen 9 Champions] VGC 2026 Reg M-A\n|rated|\n|rule|Species Clause: Limit one of each Pok\u00e9mon\n|rule|Item Clause: Limit 1 of each item\n|clearpoke\n|poke|p1|Arcanine, L50, F|\n|poke|p1|Rotom-Wash, L50|\n|poke|p1|Garchomp, L50, F|\n|poke|p1|Venusaur, L50, M|\n|poke|p1|Corviknight, L50, M|\n|poke|p1|Sneasler, L50, F|\n|poke|p2|Meganium, L50, F|\n|poke|p2|Aerodactyl, L50, F|\n|poke|p2|Gyarados, L50, F|\n|poke|p2|Typhlosion-Hisui, L50, M|\n|poke|p2|Garchomp, L50, F|\n|poke|p2|Kangaskhan, L50, F|\n|teampreview|4\n|\n|t:|1776186062\n|teamsize|p1|4\n|teamsize|p2|4\n|start\n|switch|p1a: Rotom|Rotom-Wash, L50|100/100\n|switch|p1b: Garchomp|Garchomp, L50, F|100/100\n|switch|p2a: Aerodactyl|Aerodactyl, L50, F, shiny|100/100\n|switch|p2b: Gyarados|Gyarados, L50, F, shiny|100/100\n|-ability|p2a: Aerodactyl|Unnerve\n|-ability|p2b: Gyarados|Intimidate|boost\n|-unboost|p1a: Rotom|atk|1\n|-unboost|p1b: Garchomp|atk|1\n|-enditem|p1b: Garchomp|White Herb\n|-clearnegativeboost|p1b: Garchomp|[silent]\n|turn|1\n|\n|t:|1776186101\n|move|p2b: Gyarados|Protect|p2b: Gyarados\n|-singleturn|p2b: Gyarados|Protect\n|move|p1a: Rotom|Discharge|p2a: Aerodactyl|[spread] p2a\n|-activate|p2b: Gyarados|move: Protect\n|-immune|p1b: Garchomp\n|-supereffective|p2a: Aerodactyl|1\n|-damage|p2a: Aerodactyl|10/100\n|move|p2a: Aerodactyl|Tailwind|p2a: Aerodactyl\n|-sidestart|p2: parstesting|move: Tailwind\n|move|p1b: Garchomp|Stone Edge|p2a: Aerodactyl|[miss]\n|-miss|p1b: Garchomp|p2a: Aerodactyl\n|\n|upkeep\n|turn|2\n|\n|t:|1776186159\n|switch|p2a: Kangaskhan|Kangaskhan, L50, F, shiny|100/100\n|move|p1a: Rotom|Discharge|p2a: Kangaskhan|[spread] p2a,p2b\n|-immune|p1b: Garchomp\n|-supereffective|p2b: Gyarados|2\n|-damage|p2a: Kangaskhan|69/100\n|-damage|p2b: Gyarados|0 fnt\n|faint|p2b: Gyarados\n|move|p1b: Garchomp|Dragon Claw|p2a: Kangaskhan\n|-damage|p2a: Kangaskhan|30/100\n|\n|upkeep\n|\n|t:|1776186174\n|switch|p2b: Typhlosion|Typhlosion-Hisui, L50, M, shiny|100/100\n|-item|p1a: Rotom|Choice Scarf|[from] ability: Frisk|[of] p2b: Typhlosion\n|turn|3\n|-message|parstesting forfeited.\n|\n|win|debouls\n|raw|debouls's rating: 1279 &rarr; <strong>1299</strong><br />(+20 for winning)\n|raw|parstesting's rating: 1205 &rarr; <strong>1185</strong><br />(-20 for losing)\n|l|\u2606parstesting\n|player|p2|\n",
  "uploadtime": 1776186216,
  "views": 26,
  "formatid": "gen9championsvgc2026regma",
  "rating": 1185,
  "private": 0,
  "password": null
}