{
  "id": "gen9championsvgc2026regma-2584893017",
  "format": "[Gen 9 Champions] VGC 2026 Reg M-A",
  "players": [
    "soulo333",
    "gsgwben"
  ],
  "log": "|j|\u2606soulo333\n|j|\u2606gsgwben\n|t:|1776292161\n|gametype|doubles\n|player|p1|soulo333|266|1219\n|player|p2|gsgwben|101|1179\n|gen|9\n|tier|[Gen 9 Champions] VGC 2026 Reg M-A\n|rated|\n|rule|Species Clause: Limit one of each Pok\u00e9mon\n|rule|Item Clause: Limit 1 of each item\n|clearpoke\n|poke|p1|Charizard, L50, F|\n|poke|p1|Sneasler, L50, F|\n|poke|p1|Sinistcha, L50|\n|poke|p1|Incineroar, L50, F|\n|poke|p1|Milotic, L50, F|\n|poke|p1|Tyranitar, L50, M|\n|poke|p2|Aegislash, L50, F|\n|poke|p2|Froslass, L50, F|\n|poke|p2|Incineroar, L50, F|\n|poke|p2|Rotom-Wash, L50|\n|poke|p2|Sneasler, L50, F|\n|poke|p2|Garchomp, L50, M|\n|teampreview|4\n|\n|t:|1776292190\n|teamsize|p1|4\n|teamsize|p2|4\n|start\n|switch|p1a: Milotic|Milotic, L50, F|100/100\n|switch|p1b: Sinistcha|Sinistcha, L50|100/100\n|switch|p2a: Aegislash|Aegislash, L50, F|100/100\n|switch|p2b: Froslass|Froslass, L50, F|100/100\n|turn|1\n|\n|t:|1776292206\n|detailschange|p2b: Froslass|Froslass-Mega, L50, F\n|-mega|p2b: Froslass|Froslass|Froslassite\n|-weather|Snowscape|[from] ability: Snow Warning|[of] p2b: Froslass\n|move|p2b: Froslass|Blizzard|p1b: Sinistcha|[spread] p1a,p1b\n|-resisted|p1a: Milotic|1\n|-supereffective|p1b: Sinistcha|1\n|-damage|p1a: Milotic|84/100\n|-damage|p1b: Sinistcha|0 fnt\n|-status|p1a: Milotic|frz\n|faint|p1b: Sinistcha\n|cant|p1a: Milotic|frz\n|-formechange|p2a: Aegislash|Aegislash-Blade|\n|move|p2a: Aegislash|Poltergeist|p1a: Milotic\n|-activate|p1a: Milotic|move: Poltergeist|Leftovers\n|-damage|p1a: Milotic|38/100 frz\n|\n|-weather|Snowscape|[upkeep]\n|-heal|p1a: Milotic|44/100 frz|[from] item: Leftovers\n|upkeep\n|\n|t:|1776292216\n|switch|p1b: Incineroar|Incineroar, L50, F|100/100\n|-ability|p1b: Incineroar|Intimidate|boost\n|-unboost|p2a: Aegislash|atk|1\n|-unboost|p2b: Froslass|atk|1\n|turn|2\n|-message|soulo333 forfeited.\n|\n|win|gsgwben\n|raw|soulo333's rating: 1219 &rarr; <strong>1191</strong><br />(-28 for losing)\n|raw|gsgwben's rating: 1179 &rarr; <strong>1207</strong><br />(+28 for winning)\n",
  "uploadtime": 1776292236,
  "views": 22,
  "formatid": "gen9championsvgc2026regma",
  "rating": 1191,
  "private": 0,
  "password": null
}