{
  "id": "gen9championsvgc2026regma-2585401929",
  "format": "[Gen 9 Champions] VGC 2026 Reg M-A",
  "players": [
    "Hjjtjjuguugufuu",
    "viscoboy999"
  ],
  "log": "|j|\u2606Hjjtjjuguugufuu\n|j|\u2606viscoboy999\n|t:|1776344672\n|gametype|doubles\n|player|p1|Hjjtjjuguugufuu|wallace|1081\n|player|p2|viscoboy999|emmet|1042\n|gen|9\n|tier|[Gen 9 Champions] VGC 2026 Reg M-A\n|rated|\n|rule|Species Clause: Limit one of each Pok\u00e9mon\n|rule|Item Clause: Limit 1 of each item\n|clearpoke\n|poke|p1|Floette-Eternal, L50, F|\n|poke|p1|Rotom-Wash, L50|\n|poke|p1|Garchomp, L50, F|\n|poke|p1|Pelipper, L50, M|\n|poke|p1|Incineroar, L50, F|\n|poke|p1|Maushold, L50|\n|poke|p2|Drampa, L50, F|\n|poke|p2|Alakazam, L50, F|\n|poke|p2|Ceruledge, L50, M|\n|poke|p2|Bastiodon, L50, M|\n|poke|p2|Alcremie-Rainbow-Swirl, L50, F|\n|poke|p2|Floette-Eternal, L50, F|\n|teampreview|4\nHjjtjjuguugufuu rejected open team sheets.\n|inactive|Battle timer is ON: inactive players will automatically lose when time's up. (requested by Hjjtjjuguugufuu)\n|\n|t:|1776344693\n|teamsize|p1|4\n|teamsize|p2|4\n|start\n|switch|p1a: Garchomp|Garchomp, L50, F|100/100\n|switch|p1b: Pelipper|Pelipper, L50, M|100/100\n|switch|p2a: Drampa|Drampa, L50, F|100/100\n|switch|p2b: Alcremie|Alcremie-Rainbow-Swirl, L50, F|100/100\n|-weather|RainDance|[from] ability: Drizzle|[of] p1b: Pelipper\n|-ability|p2a: Drampa|Cloud Nine\n|turn|1\n|\n|t:|1776344707\n|move|p2a: Drampa|Protect|p2a: Drampa\n|-singleturn|p2a: Drampa|Protect\n|move|p1a: Garchomp|Earthquake|p2a: Drampa|[spread] p2b\n|-activate|p2a: Drampa|move: Protect\n|-immune|p1b: Pelipper\n|-damage|p2b: Alcremie|38/100\n|move|p1b: Pelipper|Tailwind|p1b: Pelipper\n|-sidestart|p1: Hjjtjjuguugufuu|move: Tailwind\n|move|p2b: Alcremie|Decorate|p2a: Drampa\n|-boost|p2a: Drampa|atk|2\n|-boost|p2a: Drampa|spa|2\n|\n|-weather|RainDance|[upkeep]\n|upkeep\n|turn|2\n|\n|t:|1776344730\n|detailschange|p2a: Drampa|Drampa-Mega, L50, F\n|-mega|p2a: Drampa|Drampa|Drampanite\n|move|p1a: Garchomp|Dragon Claw|p2a: Drampa\n|-supereffective|p2a: Drampa|1\n|-damage|p2a: Drampa|23/100\n|-ability|p2a: Drampa|Berserk|boost\n|-boost|p2a: Drampa|spa|1\n|move|p1b: Pelipper|Hurricane|p2a: Drampa\n|-damage|p2a: Drampa|0 fnt\n|faint|p2a: Drampa\n|move|p2b: Alcremie|Draining Kiss|p1a: Garchomp\n|-supereffective|p1a: Garchomp|1\n|-damage|p1a: Garchomp|58/100\n|-heal|p2b: Alcremie|80/100|[from] drain|[of] p1a: Garchomp\n|-damage|p2b: Alcremie|68/100|[from] ability: Rough Skin|[of] p1a: Garchomp\n|\n|-weather|RainDance|[upkeep]\n|upkeep\n|\n|t:|1776344745\n|switch|p2a: Floette|Floette-Eternal, L50, F|100/100\n|turn|3\n|\n|t:|1776344755\n|move|p1a: Garchomp|Earthquake|p2b: Alcremie|[spread] p2a,p2b\n|-immune|p1b: Pelipper\n|-damage|p2a: Floette|29/100\n|-damage|p2b: Alcremie|3/100\n|move|p1b: Pelipper|Weather Ball|p2a: Floette\n|-damage|p2a: Floette|0 fnt\n|faint|p2a: Floette\n|move|p2b: Alcremie|Decorate|p2: Floette|[notarget]\n|-fail|p2b: Alcremie\n|\n|-weather|RainDance|[upkeep]\n|upkeep\n|\n|t:|1776344766\n|switch|p2a: Alakazam|Alakazam, L50, F, shiny|100/100\n|turn|4\n|\n|t:|1776344776\n|move|p2a: Alakazam|Psychic|p1a: Garchomp\n|-damage|p1a: Garchomp|20/100\n|move|p1a: Garchomp|Earthquake|p2b: Alcremie|[spread] p2a,p2b\n|-immune|p1b: Pelipper\n|-damage|p2a: Alakazam|0 fnt\n|-damage|p2b: Alcremie|0 fnt\n|faint|p2a: Alakazam\n|faint|p2b: Alcremie\n|\n|win|Hjjtjjuguugufuu\n|raw|Hjjtjjuguugufuu's rating: 1081 &rarr; <strong>1106</strong><br />(+25 for winning)\n|raw|viscoboy999's rating: 1042 &rarr; <strong>1028</strong><br />(-14 for losing)\n|l|\u2606viscoboy999\n|player|p2|\n|l|\u2606Hjjtjjuguugufuu\n|player|p1|\n|j|\u2606Hjjtjjuguugufuu\n|player|p1|Hjjtjjuguugufuu|wallace|\n",
  "uploadtime": 1776344822,
  "views": 37,
  "formatid": "gen9championsvgc2026regma",
  "rating": 1028,
  "private": 0,
  "password": null
}