{
  "id": "gen9championsvgc2026regma-2581796993",
  "format": "[Gen 9 Champions] VGC 2026 Reg M-A",
  "players": [
    "ColdingLight",
    "Loppi Loppi"
  ],
  "log": "|j|\u2606ColdingLight\n|j|\u2606Loppi Loppi\n|t:|1776029160\n|gametype|doubles\n|player|p1|ColdingLight|silver-gen2kanto|\n|player|p2|Loppi Loppi|101|\n|gen|9\n|tier|[Gen 9 Champions] VGC 2026 Reg M-A\n|rated|Tournament battle\n|rule|Species Clause: Limit one of each Pok\u00e9mon\n|rule|Item Clause: Limit 1 of each item\n|raw|<div class=\"infobox\"><details class=\"readmore\" open><summary><strong>1 custom rule:</strong></summary> Force Open Team Sheets</details></div>\n|clearpoke\n|poke|p1|Pelipper, L50, F|\n|poke|p1|Basculegion, L50, M|\n|poke|p1|Archaludon, L50, M|\n|poke|p1|Farigiraf, L50, F|\n|poke|p1|Dragonite, L50, F|\n|poke|p1|Sneasler, L50, M|\n|poke|p2|Lopunny, L50, F|\n|poke|p2|Kingambit, L50, M|\n|poke|p2|Talonflame, L50, M|\n|poke|p2|Milotic, L50, F|\n|poke|p2|Sinistcha, L50|\n|poke|p2|Garchomp, L50, M|\n|teampreview|4\n|showteam|p1|Pelipper||FocusSash|Drizzle|Hurricane,WeatherBall,Tailwind,Protect|||F|||50|]Basculegion||ChoiceScarf|Adaptability|WaveCrash,LastRespects,FlipTurn,AquaJet|||M|||50|]Archaludon||Magnet|Sturdy|ElectroShot,DracoMeteor,FlashCannon,Protect|||M|||50|]Farigiraf||SitrusBerry|ArmorTail|Psychic,HyperVoice,TrickRoom,Imprison|||F|||50|]Dragonite||Dragoninite|InnerFocus|Hurricane,DragonPulse,Thunder,Protect|||F|||50|]Sneasler||WhiteHerb|Pressure|FakeOut,DireClaw,CloseCombat,RockTomb|||M|||50|\n|showteam|p2|Lopunny||Lopunnite|CuteCharm|CloseCombat,QuickAttack,FakeOut,AfterYou|||F|||50|]Kingambit||ChopleBerry|Defiant|KowtowCleave,SuckerPunch,IronHead,Protect|||M|||50|]Talonflame||SharpBeak|GaleWings|BraveBird,FlareBlitz,Taunt,Tailwind|||M|||50|]Milotic||SitrusBerry|Competitive|MuddyWater,IcyWind,Coil,Hypnosis|||F|||50|]Sinistcha||Leftovers|Hospitality|MatchaGotcha,RagePowder,ShadowBall,TrickRoom||||||50|]Garchomp||ChoiceScarf|RoughSkin|Earthquake,DragonClaw,RockSlide,StompingTantrum|||M|||50|\n|inactive|Battle timer is ON: inactive players will automatically lose when time's up. (requested by Loppi Loppi)\n|j| Trickyleg\n|j| FranekBucz\n|j| Rigbert\n|j| 0arcado0\n|j| Genis69\n|c|\u2606ColdingLight|Haven't seen Lopunny in years lol\n|j| Medorian Lotad\n|j| Thogi_\n|j| dodododobirdbird\n|c|\u2606ColdingLight|glhf\n|inactive|ColdingLight has 60 seconds left.\n|inactive|Loppi Loppi has 60 seconds left.\n|j| Miriajohn\n|c|\u2606Loppi Loppi|u2\n|j| i hate you delta\n|c| FranekBucz|maybe because it wasn't legag\n|l| Miriajohn\n|j| fleta gaga supreme\n|inactive|ColdingLight has 30 seconds left.\n|j|@Radio Free C-Side\n|inactive|Loppi Loppi has 30 seconds left.\n|c| 0arcado0|Oo\n|inactive|Loppi Loppi has 20 seconds left.\n|inactive|Loppi Loppi has 15 seconds left.\n|\n|t:|1776029241\n|teamsize|p1|4\n|teamsize|p2|4\n|start\n|switch|p1a: Dragonite|Dragonite, L50, F|100/100\n|switch|p1b: Pelipper|Pelipper, L50, F|100/100\n|switch|p2a: Garchomp|Garchomp, L50, M|100/100\n|switch|p2b: Kingambit|Kingambit, L50, M|100/100\n|-weather|RainDance|[from] ability: Drizzle|[of] p1b: Pelipper\n|turn|1\n|c| 0arcado0|Battle!\n|\n|t:|1776029263\n|detailschange|p1a: Dragonite|Dragonite-Mega, L50, F\n|-mega|p1a: Dragonite|Dragonite|Dragoninite\n|move|p1b: Pelipper|Protect|p1b: Pelipper\n|-singleturn|p1b: Pelipper|Protect\n|move|p2a: Garchomp|Rock Slide|p1a: Dragonite|[spread] p1a\n|-activate|p1b: Pelipper|move: Protect\n|-supereffective|p1a: Dragonite|1\n|-damage|p1a: Dragonite|82/100\n|cant|p1a: Dragonite|flinch\n|move|p2b: Kingambit|Kowtow Cleave|p1b: Pelipper\n|-activate|p1b: Pelipper|move: Protect\n|\n|-weather|RainDance|[upkeep]\n|upkeep\n|turn|2\n|\n|t:|1776029279\n|move|p2a: Garchomp|Rock Slide|p1a: Dragonite|[spread] p1a,p1b\n|-supereffective|p1a: Dragonite|1\n|-supereffective|p1b: Pelipper|1\n|-damage|p1a: Dragonite|45/100\n|-damage|p1b: Pelipper|52/100\n|move|p1a: Dragonite|Dragon Pulse|p2a: Garchomp\n|-supereffective|p2a: Garchomp|1\n|-damage|p2a: Garchomp|0 fnt\n|faint|p2a: Garchomp\n|move|p1b: Pelipper|Tailwind|p1b: Pelipper\n|-sidestart|p1: ColdingLight|move: Tailwind\n|move|p2b: Kingambit|Kowtow Cleave|p1b: Pelipper\n|-damage|p1b: Pelipper|0 fnt\n|faint|p1b: Pelipper\n|\n|-weather|RainDance|[upkeep]\n|upkeep\n|l| Thogi_\n|inactive|Loppi Loppi has 30 seconds left.\n|inactive|Loppi Loppi has 20 seconds left.\n|inactive|Loppi Loppi has 15 seconds left.\n|j| walraining it\n|inactive|Loppi Loppi has 10 seconds left.\n|j| Felipesol2\n|l|@Radio Free C-Side\n|inactive|Loppi Loppi has 5 seconds left.\n|\n|t:|1776029332\n|switch|p2a: Sinistcha|Sinistcha, L50|100/100\n|switch|p1b: Archaludon|Archaludon, L50, M|100/100\n|turn|3\n|l| Felipesol2\n|c| 0arcado0|THE BRIDGE!!!\n|inactive|Loppi Loppi has 30 seconds left.\n|l| walraining it\n|\n|t:|1776029366\n|move|p2b: Kingambit|Sucker Punch|p1a: Dragonite\n|-damage|p1a: Dragonite|4/100\n|move|p1a: Dragonite|Hurricane|p2a: Sinistcha\n|-supereffective|p2a: Sinistcha|1\n|-damage|p2a: Sinistcha|0 fnt\n|faint|p2a: Sinistcha\n|move|p1b: Archaludon|Electro Shot||[still]\n|-prepare|p1b: Archaludon|Electro Shot\n|-boost|p1b: Archaludon|spa|1\n|-anim|p1b: Archaludon|Electro Shot|p2b: Kingambit\n|-crit|p2b: Kingambit\n|-damage|p2b: Kingambit|0 fnt\n|faint|p2b: Kingambit\n|\n|-weather|RainDance|[upkeep]\n|upkeep\n|c| FranekBucz|funnily enough arch would be sweeping if it still had body press\n|c|\u2606ColdingLight|Oh nice\n|c| FranekBucz|oh it still does\n|-message|Loppi Loppi forfeited.\n|\n|win|ColdingLight\n|n|\u2606ColdingLight|coldinglight\n|n|\u2606Loppi Loppi|loppiloppi\n|n| Trickyleg|trickyleg\n|n| FranekBucz|franekbucz\n|n| Rigbert|rigbert\n|n| 0arcado0|0arcado0\n|n| Genis69|genis69\n|n| Medorian Lotad|medorianlotad\n|n| dodododobirdbird|dodododobirdbird\n|n| i hate you delta|ihateyoudelta\n|n| fleta gaga supreme|fletagagasupreme\n",
  "uploadtime": 1776029381,
  "views": 12,
  "formatid": "gen9championsvgc2026regma",
  "rating": null,
  "private": 0,
  "password": null
}