{
  "id": "gen9championsvgc2026regma-2589593430",
  "format": "[Gen 9 Champions] VGC 2026 Reg M-A",
  "players": [
    "exploitmyweakness",
    "Sfayne"
  ],
  "log": "|init|battle\n|title|exploitmyweakness vs. Sfayne\n|j|\u2606exploitmyweakness\n|j|\u2606Sfayne\n|t:|1776737288\n|gametype|doubles\n|player|p1|exploitmyweakness|blue|1245\n|player|p2|Sfayne|170|1297\n|gen|9\n|tier|[Gen 9 Champions] VGC 2026 Reg M-A\n|rated|\n|rule|Species Clause: Limit one of each Pok\u00e9mon\n|rule|Item Clause: Limit 1 of each item\n|clearpoke\n|poke|p1|Venusaur, L50, M, shiny|\n|poke|p1|Charizard, L50, F, shiny|\n|poke|p1|Blastoise, L50, F, shiny|\n|poke|p1|Ninetales, L50, M, shiny|\n|poke|p1|Kangaskhan, L50, F, shiny|\n|poke|p1|Dragonite, L50, M, shiny|\n|poke|p2|Aggron, L50, F|\n|poke|p2|Dragapult, L50, F|\n|poke|p2|Sinistcha, L50|\n|poke|p2|Sableye, L50, F|\n|poke|p2|Basculegion, L50, M|\n|poke|p2|Ninetales-Alola, L50, F|\n|teampreview|4\n|inactive|Battle timer is ON: inactive players will automatically lose when time's up. (requested by Sfayne)\n|inactive|exploitmyweakness also wants the timer to be on.\n|inactive|exploitmyweakness has 60 seconds left.\n|inactive|Sfayne has 60 seconds left.\n|\n|t:|1776737331\n|teamsize|p1|4\n|teamsize|p2|4\n|start\n|switch|p1a: Dragonite|Dragonite, L50, M, shiny|100/100\n|switch|p1b: Big Mama|Kangaskhan, L50, F, shiny|100/100\n|switch|p2a: Aggron|Aggron, L50, F|100/100\n|switch|p2b: Sableye|Sableye, L50, F|100/100\n|turn|1\n|inactive|exploitmyweakness has 30 seconds left.\n|inactive|Sfayne has 30 seconds left.\n|inactive|exploitmyweakness has 20 seconds left.\n|inactive|exploitmyweakness has 15 seconds left.\n|inactive|exploitmyweakness has 10 seconds left.\n|inactive|exploitmyweakness has 5 seconds left.\n|\n|t:|1776737381\n|switch|p1a: A9|Ninetales, L50, M, shiny|100/100\n|-weather|SunnyDay|[from] ability: Drought|[of] p1a: A9\n|detailschange|p1b: Big Mama|Kangaskhan-Mega, L50, F, shiny\n|-mega|p1b: Big Mama|Kangaskhan|Kangaskhanite\n|detailschange|p2a: Aggron|Aggron-Mega, L50, F\n|-mega|p2a: Aggron|Aggron|Aggronite\n|move|p2b: Sableye|Light Screen|p2b: Sableye\n|-sidestart|p2: Sfayne|move: Light Screen\n|move|p1b: Big Mama|Low Kick|p2a: Aggron\n|-supereffective|p2a: Aggron|1\n|-damage|p2a: Aggron|70/100\n|-supereffective|p2a: Aggron|1\n|-damage|p2a: Aggron|62/100\n|-hitcount|p2a: Aggron|2\n|move|p2a: Aggron|Iron Defense|p2a: Aggron\n|-boost|p2a: Aggron|def|2\n|\n|-weather|SunnyDay|[upkeep]\n|upkeep\n|turn|2\n|inactive|exploitmyweakness has 30 seconds left.\n|inactive|exploitmyweakness has 20 seconds left.\n|\n|t:|1776737419\n|move|p1a: A9|Helping Hand|p1b: Big Mama\n|-singleturn|p1b: Big Mama|Helping Hand|[of] p1a: A9\n|move|p2b: Sableye|Disable|p1b: Big Mama\n|-start|p1b: Big Mama|Disable|Low Kick\n|cant|p1b: Big Mama|Disable|Low Kick\n|move|p2a: Aggron|Body Press|p1a: A9\n|-damage|p1a: A9|0 fnt\n|faint|p1a: A9\n|\n|-weather|SunnyDay|[upkeep]\n|upkeep\n|\n|t:|1776737428\n|switch|p1a: Cosby|Venusaur, L50, M, shiny|100/100\n|turn|3\n|inactive|exploitmyweakness has 30 seconds left.\n|\n|t:|1776737461\n|move|p2b: Sableye|Encore|p1b: Big Mama\n|-start|p1b: Big Mama|Encore\n|move|p1a: Cosby|Sleep Powder|p2b: Sableye\n|-status|p2b: Sableye|slp|[from] move: Sleep Powder\n|cant|p1b: Big Mama|Disable|Low Kick\n|move|p2a: Aggron|Heavy Slam|p1a: Cosby\n|-damage|p1a: Cosby|56/100\n|\n|-weather|SunnyDay|[upkeep]\n|upkeep\n|turn|4\n|-message|exploitmyweakness forfeited.\n|\n|win|Sfayne",
  "uploadtime": 1776737477,
  "rating": 1297,
  "source": "spectated"
}