{
  "id": "gen9championsvgc2026regma-2588335204",
  "format": "[Gen 9 Champions] VGC 2026 Reg M-A",
  "players": [
    "SunTufo",
    "Murphy's kitchen"
  ],
  "log": "|j|\u2606SunTufo\n|j|\u2606Murphy's kitchen\n|t:|1776625051\n|gametype|doubles\n|player|p1|SunTufo|li|1524\n|player|p2|Murphy's kitchen|170|1620\n|gen|9\n|tier|[Gen 9 Champions] VGC 2026 Reg M-A\n|rated|\n|rule|Species Clause: Limit one of each Pok\u00e9mon\n|rule|Item Clause: Limit 1 of each item\n|clearpoke\n|poke|p1|Delphox, L50, M, shiny|\n|poke|p1|Aerodactyl, L50, M, shiny|\n|poke|p1|Sneasler, L50, F|\n|poke|p1|Tsareena, L50, F, shiny|\n|poke|p1|Milotic, L50, F, shiny|\n|poke|p1|Garchomp, L50, M|\n|poke|p2|Aerodactyl, L50, F|\n|poke|p2|Dragapult, L50, F|\n|poke|p2|Primarina, L50, F|\n|poke|p2|Scizor, L50, F|\n|poke|p2|Scovillain, L50, F|\n|poke|p2|Sneasler, L50, F|\n|teampreview|4\n|inactive|Battle timer is ON: inactive players will automatically lose when time's up. (requested by SunTufo)\n|j| RedPlaysVGC\n|j| CrazyyBoi\n|inactive|Murphy's kitchen has 60 seconds left.\n|\n|t:|1776625089\n|teamsize|p1|4\n|teamsize|p2|4\n|start\n|switch|p1a: Aerodactyl|Aerodactyl, L50, M, shiny|100/100\n|switch|p1b: Tsareena|Tsareena, L50, F, shiny|100/100\n|switch|p2a: Dragapult|Dragapult, L50, F|100/100\n|switch|p2b: Scovillain|Scovillain, L50, F|100/100\n|-ability|p1a: Aerodactyl|Unnerve\n|turn|1\n|l| RedPlaysVGC\n|\n|t:|1776625106\n|detailschange|p1a: Aerodactyl|Aerodactyl-Mega, L50, M, shiny\n|-mega|p1a: Aerodactyl|Aerodactyl|Aerodactylite\n|detailschange|p2b: Scovillain|Scovillain-Mega, L50, F\n|-mega|p2b: Scovillain|Scovillain|Scovillainite\n|move|p2b: Scovillain|Rage Powder|p2b: Scovillain\n|-singleturn|p2b: Scovillain|move: Rage Powder\n|move|p1a: Aerodactyl|Tailwind|p1a: Aerodactyl\n|-sidestart|p1: SunTufo|move: Tailwind\n|move|p1b: Tsareena|Triple Axel|p2a: Dragapult\n|-supereffective|p2a: Dragapult|1\n|-damage|p2a: Dragapult|78/100\n|-supereffective|p2a: Dragapult|1\n|-damage|p2a: Dragapult|35/100\n|-supereffective|p2a: Dragapult|1\n|-damage|p2a: Dragapult|0 fnt\n|faint|p2a: Dragapult\n|-hitcount|p2: Dragapult|3\n|\n|upkeep\n|\n|t:|1776625126\n|switch|p2a: Primarina|Primarina, L50, F|100/100\n|turn|2\n|inactive|SunTufo has 30 seconds left.\n|\n|t:|1776625151\n|move|p1a: Aerodactyl|Dual Wingbeat|p2b: Scovillain\n|-supereffective|p2b: Scovillain|1\n|-damage|p2b: Scovillain|50/100\n|-status|p1a: Aerodactyl|brn|[from] ability: Spicy Spray|[of] p2b: Scovillain\n|-supereffective|p2b: Scovillain|1\n|-damage|p2b: Scovillain|26/100\n|-hitcount|p2b: Scovillain|2\n|move|p1b: Tsareena|Power Whip|p2a: Primarina\n|-supereffective|p2a: Primarina|1\n|-damage|p2a: Primarina|0 fnt\n|faint|p2a: Primarina\n|move|p2b: Scovillain|Flamethrower|p1b: Tsareena\n|-supereffective|p1b: Tsareena|1\n|-damage|p1b: Tsareena|8/100\n|\n|-damage|p1a: Aerodactyl|95/100 brn|[from] brn\n|upkeep\n|\n|t:|1776625167\n|switch|p2a: Aerodactyl|Aerodactyl, L50, F|100/100\n|-ability|p2a: Aerodactyl|Unnerve\n|turn|3\n|\n|t:|1776625188\n|move|p2b: Scovillain|Protect|p2b: Scovillain\n|-singleturn|p2b: Scovillain|Protect\n|move|p1a: Aerodactyl|Rock Slide|p2b: Scovillain|[spread] p2a\n|-activate|p2b: Scovillain|move: Protect\n|-supereffective|p2a: Aerodactyl|1\n|-damage|p2a: Aerodactyl|50/100\n|move|p1b: Tsareena|Triple Axel|p2a: Aerodactyl\n|-supereffective|p2a: Aerodactyl|1\n|-damage|p2a: Aerodactyl|21/100\n|-supereffective|p2a: Aerodactyl|1\n|-damage|p2a: Aerodactyl|0 fnt\n|faint|p2a: Aerodactyl\n|-hitcount|p2: Aerodactyl|2\n|\n|-damage|p1a: Aerodactyl|89/100 brn|[from] brn\n|upkeep\n|turn|4\n|-message|Murphy's kitchen forfeited.\n|\n|win|SunTufo\n|raw|SunTufo's rating: 1502 &rarr; <strong>1529</strong><br />(+27 for winning)\n|raw|Murphy&apos;s kitchen's rating: 1620 &rarr; <strong>1593</strong><br />(-27 for losing)\n",
  "uploadtime": 1776625198,
  "views": 10,
  "formatid": "gen9championsvgc2026regma",
  "rating": 1529,
  "private": 0,
  "password": null
}