{
  "id": "gen9championsvgc2026regma-2580884851",
  "format": "[Gen 9 Champions] VGC 2026 Reg M-A",
  "players": [
    "Luigi Magnezone",
    "Jah_08"
  ],
  "log": "|j|\u2606Luigi Magnezone\n|j|\u2606Jah_08\n|t:|1775940438\n|gametype|doubles\n|player|p1|Luigi Magnezone|giovanni|1072\n|player|p2|Jah_08|2|1059\n|gen|9\n|tier|[Gen 9 Champions] VGC 2026 Reg M-A\n|rated|\n|rule|Species Clause: Limit one of each Pok\u00e9mon\n|rule|Item Clause: Limit 1 of each item\n|clearpoke\n|poke|p1|Floette-Eternal, L50, F|\n|poke|p1|Garchomp, L50, M|\n|poke|p1|Aerodactyl, L50, F|\n|poke|p1|Incineroar, L50, M|\n|poke|p1|Basculegion, L50, M|\n|poke|p1|Sneasler, L50, F|\n|poke|p2|Vanilluxe, L50, F|\n|poke|p2|Krookodile, L50, F|\n|poke|p2|Chandelure, L50, F|\n|poke|p2|Whimsicott, L50, M|\n|poke|p2|Conkeldurr, L50, M|\n|poke|p2|Zoroark-Hisui, L50, M|\n|teampreview|4\n|inactive|Battle timer is ON: inactive players will automatically lose when time's up. (requested by Luigi Magnezone)\n|inactive|Luigi Magnezone has 60 seconds left.\n|\n|t:|1775940482\n|teamsize|p1|4\n|teamsize|p2|4\n|start\n|switch|p1a: Floette|Floette-Eternal, L50, F|100/100\n|switch|p1b: Aerodactyl|Aerodactyl, L50, F|100/100\n|switch|p2a: Chandelure|Chandelure, L50, F|100/100\n|switch|p2b: Krookodile|Krookodile, L50, F|100/100\n|-ability|p1b: Aerodactyl|Unnerve\n|-ability|p2b: Krookodile|Intimidate|boost\n|-unboost|p1a: Floette|atk|1\n|-unboost|p1b: Aerodactyl|atk|1\n|turn|1\n|inactive|Luigi Magnezone has 30 seconds left.\n|inactive|Jah_08 has 30 seconds left.\n|inactive|Luigi Magnezone has 20 seconds left.\n|inactive|Jah_08 has 20 seconds left.\n|inactive|Luigi Magnezone has 15 seconds left.\n|inactive|Jah_08 has 15 seconds left.\n|inactive|Luigi Magnezone has 10 seconds left.\n|\n|t:|1775940528\n|switch|p2b: Chandelure|Chandelure, L50, F|100/100\n|detailschange|p1a: Floette|Floette-Mega, L50, F\n|-mega|p1a: Floette|Floette|Floettite\n|-ability|p1a: Floette|Fairy Aura\n|move|p1b: Aerodactyl|Tailwind|p1b: Aerodactyl\n|-sidestart|p1: Luigi Magnezone|move: Tailwind\n|move|p1a: Floette|Moonblast|p2b: Chandelure\n|-resisted|p2b: Chandelure|1\n|-damage|p2b: Chandelure|45/100\n|move|p2a: Chandelure|Sludge Bomb|p1a: Floette\n|-supereffective|p1a: Floette|1\n|-damage|p1a: Floette|45/100\n|\n|upkeep\n|turn|2\n|inactive|Luigi Magnezone has 30 seconds left.\n|inactive|Jah_08 has 30 seconds left.\n|inactive|Jah_08 has 20 seconds left.\n|\n|t:|1775940564\n|move|p1b: Aerodactyl|Rock Slide|p2b: Chandelure|[spread] p2a\n|-miss|p1b: Aerodactyl|p2b: Chandelure\n|-damage|p2a: Chandelure|66/100\n|replace|p2a: Zoroark|Zoroark-Hisui, L50, M\n|-end|p2a: Zoroark|Illusion\n|move|p1a: Floette|Dazzling Gleam|p2b: Chandelure|[spread] p2a,p2b\n|-resisted|p2b: Chandelure|1\n|-damage|p2a: Zoroark|0 fnt\n|-damage|p2b: Chandelure|6/100\n|faint|p2a: Zoroark\n|move|p2b: Chandelure|Shadow Ball|p1b: Aerodactyl\n|-damage|p1b: Aerodactyl|33/100\n|\n|upkeep\n|\n|t:|1775940580\n|switch|p2a: Vanilluxe|Vanilluxe, L50, F|100/100\n|-weather|Snowscape|[from] ability: Snow Warning|[of] p2a: Vanilluxe\n|turn|3\n|inactive|Jah_08 has 30 seconds left.\n|inactive|Jah_08 has 20 seconds left.\n|inactive|Jah_08 has 15 seconds left.\n|inactive|Jah_08 has 10 seconds left.\n|\n|t:|1775940628\n|move|p1b: Aerodactyl|Rock Slide|p2b: Chandelure|[spread] p2a,p2b\n|-supereffective|p2a: Vanilluxe|1\n|-supereffective|p2b: Chandelure|1\n|-damage|p2a: Vanilluxe|76/100\n|-damage|p2b: Chandelure|0 fnt\n|faint|p2b: Chandelure\n|move|p1a: Floette|Dazzling Gleam|p2a: Vanilluxe\n|-damage|p2a: Vanilluxe|17/100\n|cant|p2a: Vanilluxe|flinch\n|\n|-weather|Snowscape|[upkeep]\n|upkeep\n|\n|t:|1775940640\n|switch|p2b: Krookodile|Krookodile, L50, F|100/100\n|-ability|p2b: Krookodile|Intimidate|boost\n|-unboost|p1a: Floette|atk|1\n|-unboost|p1b: Aerodactyl|atk|1\n|turn|4\n|\n|t:|1775940650\n|move|p1b: Aerodactyl|Rock Slide|p2b: Krookodile|[spread] p2a,p2b\n|-supereffective|p2a: Vanilluxe|1\n|-resisted|p2b: Krookodile|1\n|-damage|p2a: Vanilluxe|0 fnt\n|-damage|p2b: Krookodile|92/100\n|faint|p2a: Vanilluxe\n|move|p1a: Floette|Moonblast|p2b: Krookodile\n|-supereffective|p2b: Krookodile|1\n|-damage|p2b: Krookodile|0 fnt\n|faint|p2b: Krookodile\n|\n|win|Luigi Magnezone\n|raw|Luigi Magnezone's rating: 1072 &rarr; <strong>1100</strong><br />(+28 for winning)\n|raw|Jah_08's rating: 1059 &rarr; <strong>1041</strong><br />(-18 for losing)\n|l|\u2606Luigi Magnezone\n|player|p1|\n",
  "uploadtime": 1775940661,
  "views": 11,
  "formatid": "gen9championsvgc2026regma",
  "rating": 1041,
  "private": 0,
  "password": null
}