{
  "id": "gen9championsvgc2026regma-2589392618",
  "format": "[Gen 9 Champions] VGC 2026 Reg M-A",
  "players": [
    "SDLT 2KRL SWM",
    "1#MiraidonHater"
  ],
  "log": "|j|\u2606SDLT 2KRL SWM\n|j|\u26061#MiraidonHater\n|t:|1776719298\n|gametype|doubles\n|player|p1|SDLT 2KRL SWM|ryuki|1630\n|player|p2|1#MiraidonHater|volkner|1569\n|gen|9\n|tier|[Gen 9 Champions] VGC 2026 Reg M-A\n|rated|\n|rule|Species Clause: Limit one of each Pok\u00e9mon\n|rule|Item Clause: Limit 1 of each item\n|clearpoke\n|poke|p1|Talonflame, L50, F|\n|poke|p1|Floette-Eternal, L50, F|\n|poke|p1|Basculegion, L50, M|\n|poke|p1|Garchomp, L50, F|\n|poke|p1|Kingambit, L50, F|\n|poke|p1|Maushold-Four, L50|\n|poke|p2|Gardevoir, L50, M|\n|poke|p2|Kingambit, L50, M|\n|poke|p2|Sneasler, L50, M|\n|poke|p2|Farigiraf, L50, F|\n|poke|p2|Pelipper, L50, M|\n|poke|p2|Archaludon, L50, F|\n|teampreview|4\n|j| Adryh\n|j| porygon-epilepz\n|j| Rivelta Origin\n|l| Adryh\n|\n|t:|1776719326\n|teamsize|p1|4\n|teamsize|p2|4\n|start\n|switch|p1a: Floette|Floette-Eternal, L50, F|100/100\n|switch|p1b: Maushold|Maushold-Four, L50|100/100\n|switch|p2a: Sneasler|Sneasler, L50, M|100/100\n|switch|p2b: Gardevoir|Gardevoir, L50, M|100/100\n|turn|1\n|\n|t:|1776719336\n|move|p1b: Maushold|Protect|p1b: Maushold\n|-singleturn|p1b: Maushold|Protect\n|move|p1a: Floette|Protect|p1a: Floette\n|-singleturn|p1a: Floette|Protect\n|move|p2a: Sneasler|Fake Out|p1a: Floette\n|-activate|p1a: Floette|move: Protect\n|move|p2b: Gardevoir|Trick Room|p2b: Gardevoir\n|-fieldstart|move: Trick Room|[of] p2b: Gardevoir\n|\n|upkeep\n|turn|2\n|\n|t:|1776719364\n|detailschange|p2b: Gardevoir|Gardevoir-Mega, L50, M\n|-mega|p2b: Gardevoir|Gardevoir|Gardevoirite\n|detailschange|p1a: Floette|Floette-Mega, L50, F\n|-mega|p1a: Floette|Floette|Floettite\n|-ability|p1a: Floette|Fairy Aura\n|move|p1b: Maushold|Follow Me|p1b: Maushold\n|-singleturn|p1b: Maushold|move: Follow Me\n|move|p2b: Gardevoir|Hyper Voice|p1b: Maushold|[spread] p1a,p1b\n|-damage|p1a: Floette|60/100\n|-damage|p1b: Maushold|27/100\n|move|p1a: Floette|Dazzling Gleam|p2b: Gardevoir|[spread] p2a,p2b\n|-crit|p2b: Gardevoir\n|-damage|p2a: Sneasler|36/100\n|-damage|p2b: Gardevoir|42/100\n|move|p2a: Sneasler|Close Combat|p1b: Maushold\n|-supereffective|p1b: Maushold|1\n|-enditem|p1b: Maushold|Chople Berry|[eat]\n|-enditem|p1b: Maushold|Chople Berry|[weaken]\n|-damage|p1b: Maushold|0 fnt\n|-unboost|p2a: Sneasler|def|1\n|-unboost|p2a: Sneasler|spd|1\n|faint|p1b: Maushold\n|-enditem|p2a: Sneasler|White Herb\n|-clearnegativeboost|p2a: Sneasler|[silent]\n|\n|upkeep\n|\n|t:|1776719377\n|switch|p1b: Talonflame|Talonflame, L50, F|100/100\n|turn|3\n|\n|t:|1776719383\n|switch|p2a: Farigiraf|Farigiraf, L50, F|100/100\n|move|p1a: Floette|Protect|p1a: Floette\n|-singleturn|p1a: Floette|Protect\n|move|p1b: Talonflame|Protect|p1b: Talonflame\n|-singleturn|p1b: Talonflame|Protect\n|move|p2b: Gardevoir|Hyper Voice|p1a: Floette|[spread] \n|-activate|p1a: Floette|move: Protect\n|-activate|p1b: Talonflame|move: Protect\n|\n|upkeep\n|turn|4\n|\n|t:|1776719393\n|move|p2a: Farigiraf|Helping Hand|p2b: Gardevoir\n|-singleturn|p2b: Gardevoir|Helping Hand|[of] p2a: Farigiraf\n|move|p2b: Gardevoir|Hyper Voice|p1a: Floette|[spread] p1a,p1b\n|-resisted|p1b: Talonflame|1\n|-crit|p1b: Talonflame\n|-damage|p1a: Floette|0 fnt\n|-damage|p1b: Talonflame|0 fnt\n|faint|p1a: Floette\n|faint|p1b: Talonflame\n|\n|upkeep\n|-message|SDLT 2KRL SWM forfeited.\n|\n|win|1#MiraidonHater\n|raw|SDLT 2KRL SWM's rating: 1630 &rarr; <strong>1607</strong><br />(-23 for losing)\n|raw|1#MiraidonHater's rating: 1569 &rarr; <strong>1592</strong><br />(+23 for winning)\n|l|\u2606SDLT 2KRL SWM\n|player|p1|\n",
  "uploadtime": 1776719311,
  "views": 15,
  "formatid": "gen9championsvgc2026regma",
  "rating": 1592,
  "private": 0,
  "password": null
}