{
  "id": "gen9championsvgc2026regma-2583930403",
  "format": "[Gen 9 Champions] VGC 2026 Reg M-A",
  "players": [
    "fishuu",
    "gallium1005"
  ],
  "log": "|j|\u2606fishuu\n|j|\u2606gallium1005\n|t:|1776209283\n|gametype|doubles\n|player|p1|fishuu|akari|1201\n|player|p2|gallium1005|hilbert|1129\n|gen|9\n|tier|[Gen 9 Champions] VGC 2026 Reg M-A\n|rated|\n|rule|Species Clause: Limit one of each Pok\u00e9mon\n|rule|Item Clause: Limit 1 of each item\n|clearpoke\n|poke|p1|Sneasler, L50, M|\n|poke|p1|Aegislash, L50, M|\n|poke|p1|Gardevoir, L50, M|\n|poke|p1|Tyranitar, L50, M|\n|poke|p1|Talonflame, L50, M|\n|poke|p1|Garchomp, L50, F|\n|poke|p2|Sinistcha, L50|\n|poke|p2|Aggron, L50, F|\n|poke|p2|Archaludon, L50, F|\n|poke|p2|Incineroar, L50, F|\n|poke|p2|Farigiraf, L50, F|\n|poke|p2|Pelipper, L50, M|\n|teampreview|4\n|inactive|Battle timer is ON: inactive players will automatically lose when time's up. (requested by fishuu)\n|\n|t:|1776209310\n|teamsize|p1|4\n|teamsize|p2|4\n|start\n|switch|p1a: Sneasler|Sneasler, L50, M|100/100\n|switch|p1b: Tyranitar|Tyranitar, L50, M|100/100\n|switch|p2a: Incineroar|Incineroar, L50, F|100/100\n|switch|p2b: Farigiraf|Farigiraf, L50, F|100/100\n|-weather|Sandstorm|[from] ability: Sand Stream|[of] p1b: Tyranitar\n|-ability|p2a: Incineroar|Intimidate|boost\n|-unboost|p1a: Sneasler|atk|1\n|-unboost|p1b: Tyranitar|atk|1\n|-enditem|p1a: Sneasler|White Herb\n|-clearnegativeboost|p1a: Sneasler|[silent]\n|turn|1\n|inactive|gallium1005 has 30 seconds left.\n|\n|t:|1776209338\n|move|p2a: Incineroar|Fake Out|p1a: Sneasler\n|-damage|p1a: Sneasler|82/100\n|cant|p1a: Sneasler|flinch\n|move|p1b: Tyranitar|Knock Off|p2b: Farigiraf\n|-supereffective|p2b: Farigiraf|1\n|-damage|p2b: Farigiraf|38/100\n|-enditem|p2b: Farigiraf|Sitrus Berry|[from] move: Knock Off|[of] p1b: Tyranitar\n|move|p2b: Farigiraf|Trick Room|p2b: Farigiraf\n|-fieldstart|move: Trick Room|[of] p2b: Farigiraf\n|\n|-weather|Sandstorm|[upkeep]\n|-damage|p2a: Incineroar|95/100|[from] Sandstorm\n|-damage|p2b: Farigiraf|32/100|[from] Sandstorm\n|-damage|p1a: Sneasler|77/100|[from] Sandstorm\n|upkeep\n|turn|2\n|\n|t:|1776209357\n|switch|p1a: Gardevoir|Gardevoir, L50, M, shiny|100/100\n|move|p2a: Incineroar|Parting Shot|p1b: Tyranitar\n|-unboost|p1b: Tyranitar|atk|1\n|-unboost|p1b: Tyranitar|spa|1\n|\n|t:|1776209366\n|switch|p2a: Aggron|Aggron, L50, F, shiny|100/100|[from] Parting Shot\n|move|p2b: Farigiraf|Psychic|p1a: Gardevoir\n|-resisted|p1a: Gardevoir|1\n|-damage|p1a: Gardevoir|82/100\n|move|p1b: Tyranitar|Rock Slide|p2a: Aggron|[spread] p2a,p2b\n|-resisted|p2a: Aggron|1\n|-damage|p2a: Aggron|96/100\n|-damage|p2b: Farigiraf|20/100\n|\n|-weather|Sandstorm|[upkeep]\n|-damage|p2b: Farigiraf|14/100|[from] Sandstorm\n|-damage|p1a: Gardevoir|76/100|[from] Sandstorm\n|upkeep\n|turn|3\n|inactive|gallium1005 has 30 seconds left.\n|inactive|gallium1005 has 20 seconds left.\n|\n|t:|1776209406\n|switch|p2b: Incineroar|Incineroar, L50, F|95/100\n|-ability|p2b: Incineroar|Intimidate|boost\n|-unboost|p1a: Gardevoir|atk|1\n|-unboost|p1b: Tyranitar|atk|1\n|switch|p1a: Aegislash|Aegislash, L50, M|100/100\n|detailschange|p2a: Aggron|Aggron-Mega, L50, F, shiny\n|-mega|p2a: Aggron|Aggron|Aggronite\n|move|p1b: Tyranitar|Protect|p1b: Tyranitar\n|-singleturn|p1b: Tyranitar|Protect\n|move|p2a: Aggron|Heavy Slam|p1a: Aegislash\n|-resisted|p1a: Aegislash|1\n|-damage|p1a: Aegislash|75/100\n|\n|-weather|Sandstorm|[upkeep]\n|-damage|p2b: Incineroar|89/100|[from] Sandstorm\n|upkeep\n|turn|4\n|inactive|gallium1005 has 30 seconds left.\n|\n|t:|1776209434\n|switch|p1b: Sneasler|Sneasler, L50, M|77/100\n|move|p2a: Aggron|Body Press|p1b: Sneasler\n|-resisted|p1b: Sneasler|1\n|-damage|p1b: Sneasler|46/100\n|move|p2b: Incineroar|Flare Blitz|p1a: Aegislash\n|-supereffective|p1a: Aegislash|1\n|-damage|p1a: Aegislash|0 fnt\n|faint|p1a: Aegislash\n|-damage|p2b: Incineroar|71/100|[from] Recoil\n|\n|-weather|Sandstorm|[upkeep]\n|-damage|p2b: Incineroar|65/100|[from] Sandstorm\n|-damage|p1b: Sneasler|41/100|[from] Sandstorm\n|upkeep\n|-message|fishuu forfeited.\n|\n|win|gallium1005\n|raw|fishuu's rating: 1201 &rarr; <strong>1171</strong><br />(-30 for losing)\n|raw|gallium1005's rating: 1129 &rarr; <strong>1159</strong><br />(+30 for winning)\n|l|\u2606fishuu\n|player|p1|\n",
  "uploadtime": 1776209463,
  "views": 17,
  "formatid": "gen9championsvgc2026regma",
  "rating": 1159,
  "private": 0,
  "password": null
}