{
  "id": "gen9championsvgc2026regma-2586986270",
  "format": "[Gen 9 Champions] VGC 2026 Reg M-A",
  "players": [
    "PokeDeleter",
    "lblmbb"
  ],
  "log": "|j|\u2606PokeDeleter\n|j|\u2606lblmbb\n|t:|1776478457\n|gametype|doubles\n|player|p1|PokeDeleter|169|1092\n|player|p2|lblmbb|101|1019\n|gen|9\n|tier|[Gen 9 Champions] VGC 2026 Reg M-A\n|rated|\n|rule|Species Clause: Limit one of each Pok\u00e9mon\n|rule|Item Clause: Limit 1 of each item\n|clearpoke\n|poke|p1|Basculegion, L50, M|\n|poke|p1|Ampharos, L50, M|\n|poke|p1|Politoed, L50, M|\n|poke|p1|Archaludon, L50, M|\n|poke|p1|Meganium, L50, F|\n|poke|p1|Arcanine-Hisui, L50, M|\n|poke|p2|Meowstic, L50, M|\n|poke|p2|Blastoise, L50, M|\n|poke|p2|Corviknight, L50, F|\n|poke|p2|Arcanine-Hisui, L50, F|\n|poke|p2|Dragapult, L50, M|\n|poke|p2|Glimmora, L50, F|\n|teampreview|4\n|inactive|Battle timer is ON: inactive players will automatically lose when time's up. (requested by lblmbb)\n|\n|t:|1776478513\n|teamsize|p1|4\n|teamsize|p2|4\n|start\n|switch|p1a: Ampharos|Ampharos, L50, M|100/100\n|switch|p1b: Archaludon|Archaludon, L50, M|100/100\n|switch|p2a: Blastoise|Blastoise, L50, M|100/100\n|switch|p2b: Meowstic|Meowstic, L50, M|100/100\n|turn|1\n|inactive|PokeDeleter has 30 seconds left.\n|inactive|lblmbb has 30 seconds left.\n|\n|t:|1776478541\n|switch|p1b: Politoed|Politoed, L50, M|100/100\n|-weather|RainDance|[from] ability: Drizzle|[of] p1b: Politoed\n|detailschange|p2a: Blastoise|Blastoise-Mega, L50, M\n|-mega|p2a: Blastoise|Blastoise|Blastoisinite\n|detailschange|p1a: Ampharos|Ampharos-Mega, L50, M\n|-mega|p1a: Ampharos|Ampharos|Ampharosite\n|-ability|p1a: Ampharos|Mold Breaker\n|move|p2b: Meowstic|Fake Out|p1a: Ampharos\n|-damage|p1a: Ampharos|96/100\n|move|p2a: Blastoise|Shell Smash|p2a: Blastoise\n|-unboost|p2a: Blastoise|def|1\n|-unboost|p2a: Blastoise|spd|1\n|-boost|p2a: Blastoise|atk|2\n|-boost|p2a: Blastoise|spa|2\n|-boost|p2a: Blastoise|spe|2\n|cant|p1a: Ampharos|flinch\n|\n|-weather|RainDance|[upkeep]\n|upkeep\n|turn|2\n|\n|t:|1776478569\n|move|p1b: Politoed|Protect|p1b: Politoed\n|-singleturn|p1b: Politoed|Protect\n|move|p2a: Blastoise|Water Spout|p1a: Ampharos|[spread] p1a\n|-activate|p1b: Politoed|move: Protect\n|-resisted|p1a: Ampharos|1\n|-damage|p1a: Ampharos|4/100\n|move|p2b: Meowstic|Expanding Force|p1b: Politoed\n|-activate|p1b: Politoed|move: Protect\n|move|p1a: Ampharos|Thunder|p2a: Blastoise\n|-supereffective|p2a: Blastoise|1\n|-damage|p2a: Blastoise|0 fnt\n|faint|p2a: Blastoise\n|\n|-weather|RainDance|[upkeep]\n|upkeep\n|\n|t:|1776478579\n|switch|p2a: Glimmora|Glimmora, L50, F|100/100\n|turn|3\n|-message|lblmbb forfeited.\n|\n|win|PokeDeleter\n|raw|PokeDeleter's rating: 1092 &rarr; <strong>1113</strong><br />(+21 for winning)\n|raw|lblmbb's rating: 1019 &rarr; <strong>1009</strong><br />(-10 for losing)\n|l|\u2606lblmbb\n|player|p2|\n",
  "uploadtime": 1776478586,
  "views": 13,
  "formatid": "gen9championsvgc2026regma",
  "rating": 1009,
  "private": 0,
  "password": null
}