{
  "id": "gen9championsvgc2026regma-2583951689",
  "format": "[Gen 9 Champions] VGC 2026 Reg M-A",
  "players": [
    "The_AG_Is_Real",
    "Limeeater"
  ],
  "log": "|j|\u2606The_AG_Is_Real\n|j|\u2606Limeeater\n|t:|1776211188\n|gametype|doubles\n|player|p1|The_AG_Is_Real|rika|1198\n|player|p2|Limeeater|wally|1186\n|gen|9\n|tier|[Gen 9 Champions] VGC 2026 Reg M-A\n|rated|\n|rule|Species Clause: Limit one of each Pok\u00e9mon\n|rule|Item Clause: Limit 1 of each item\n|clearpoke\n|poke|p1|Clefable, L50, F|\n|poke|p1|Incineroar, L50, M|\n|poke|p1|Kingambit, L50, F|\n|poke|p1|Sneasler, L50, M|\n|poke|p1|Kommo-o, L50, F|\n|poke|p1|Delphox, L50, F|\n|poke|p2|Charizard, L50, M|\n|poke|p2|Venusaur, L50, F|\n|poke|p2|Garchomp, L50, M|\n|poke|p2|Whimsicott, L50, F|\n|poke|p2|Sneasler, L50, M|\n|poke|p2|Milotic, L50, F|\n|teampreview|4\n|inactive|Battle timer is ON: inactive players will automatically lose when time's up. (requested by The_AG_Is_Real)\n|inactive|The_AG_Is_Real has 60 seconds left.\n|\n|t:|1776211225\n|teamsize|p1|4\n|teamsize|p2|4\n|start\n|switch|p1a: Kommo-o|Kommo-o, L50, F|100/100\n|switch|p1b: Sneasler|Sneasler, L50, M|100/100\n|switch|p2a: Garchomp|Garchomp, L50, M|100/100\n|switch|p2b: Milotic|Milotic, L50, F|100/100\n|turn|1\n|\n|t:|1776211243\n|move|p2b: Milotic|Protect|p2b: Milotic\n|-singleturn|p2b: Milotic|Protect\n|move|p1b: Sneasler|Fake Out|p2a: Garchomp\n|-damage|p2a: Garchomp|88/100\n|-damage|p1b: Sneasler|88/100|[from] ability: Rough Skin|[of] p2a: Garchomp\n|cant|p2a: Garchomp|flinch\n|move|p1a: Kommo-o|Clangorous Soul|p1a: Kommo-o\n|-boost|p1a: Kommo-o|atk|1\n|-boost|p1a: Kommo-o|def|1\n|-boost|p1a: Kommo-o|spa|1\n|-boost|p1a: Kommo-o|spd|1\n|-boost|p1a: Kommo-o|spe|1\n|-damage|p1a: Kommo-o|68/100\n|\n|-heal|p1a: Kommo-o|74/100|[from] item: Leftovers\n|upkeep\n|turn|2\n|\n|t:|1776211266\n|switch|p2b: Charizard|Charizard, L50, M|100/100\n|move|p1a: Kommo-o|Clanging Scales|p2b: Charizard|[spread] p2a,p2b\n|-supereffective|p2a: Garchomp|1\n|-damage|p2a: Garchomp|0 fnt\n|-damage|p2b: Charizard|30/100\n|faint|p2a: Garchomp\n|-unboost|p1a: Kommo-o|def|1\n|move|p1b: Sneasler|Close Combat|p2b: Charizard\n|-resisted|p2b: Charizard|1\n|-damage|p2b: Charizard|0 fnt\n|-unboost|p1b: Sneasler|def|1\n|-unboost|p1b: Sneasler|spd|1\n|faint|p2b: Charizard\n|\n|-heal|p1a: Kommo-o|80/100|[from] item: Leftovers\n|upkeep\n|l|\u2606Limeeater\n|inactive|Limeeater disconnected and has a minute to reconnect!\n|player|p2|\n|c|\u2606The_AG_Is_Real|gg\n|inactive|Limeeater has 30 seconds left.\n|inactive|Limeeater has 20 seconds left.\n|inactive|Limeeater has 15 seconds left.\n|inactive|Limeeater has 10 seconds left.\n|inactive|Limeeater has 5 seconds left.\n|-message|Limeeater lost due to inactivity.\n|\n|win|The_AG_Is_Real\n|raw|The_AG_Is_Real's rating: 1198 &rarr; <strong>1222</strong><br />(+24 for winning)\n|raw|Limeeater's rating: 1186 &rarr; <strong>1162</strong><br />(-24 for losing)\n",
  "uploadtime": 1776211321,
  "views": 19,
  "formatid": "gen9championsvgc2026regma",
  "rating": 1162,
  "private": 0,
  "password": null
}