{
  "id": "gen9championsvgc2026regma-2586153297",
  "format": "[Gen 9 Champions] VGC 2026 Reg M-A",
  "players": [
    "Mybread69",
    "Zhi2"
  ],
  "log": "|j|\u2606Mybread69\n|j|\u2606Zhi2\n|t:|1776405764\n|gametype|doubles\n|player|p1|Mybread69|170|1166\n|player|p2|Zhi2|169|1186\n|gen|9\n|tier|[Gen 9 Champions] VGC 2026 Reg M-A\n|rated|\n|rule|Species Clause: Limit one of each Pok\u00e9mon\n|rule|Item Clause: Limit 1 of each item\n|clearpoke\n|poke|p1|Beedrill, L50, M|\n|poke|p1|Sinistcha-Masterpiece, L50|\n|poke|p1|Clefable, L50, M|\n|poke|p1|Charizard, L50, F|\n|poke|p1|Whimsicott, L50, F|\n|poke|p1|Garchomp, L50, F|\n|poke|p2|Pelipper, L50, M|\n|poke|p2|Blastoise, L50, M|\n|poke|p2|Starmie, L50|\n|poke|p2|Sinistcha, L50|\n|poke|p2|Kingambit, L50, F|\n|poke|p2|Garchomp, L50, F|\n|teampreview|4\n|\n|t:|1776405796\n|teamsize|p1|4\n|teamsize|p2|4\n|start\n|switch|p1a: Whimsicott|Whimsicott, L50, F|100/100\n|switch|p1b: Charizard|Charizard, L50, F|100/100\n|switch|p2a: Garchomp|Garchomp, L50, F|100/100\n|switch|p2b: Blastoise|Blastoise, L50, M|100/100\n|turn|1\n|\n|t:|1776405831\n|detailschange|p1b: Charizard|Charizard-Mega-Y, L50, F\n|-mega|p1b: Charizard|Charizard|Charizardite Y\n|-weather|SunnyDay|[from] ability: Drought|[of] p1b: Charizard\n|move|p2b: Blastoise|Fake Out|p1a: Whimsicott\n|-damage|p1a: Whimsicott|94/100\n|cant|p1a: Whimsicott|flinch\n|move|p2a: Garchomp|Rock Slide|p1a: Whimsicott|[spread] p1a,p1b\n|-supereffective|p1b: Charizard|2\n|-damage|p1a: Whimsicott|74/100\n|-damage|p1b: Charizard|0 fnt\n|faint|p1b: Charizard\n|\n|-weather|SunnyDay|[upkeep]\n|upkeep\n|\n|t:|1776405844\n|switch|p1b: Garchomp|Garchomp, L50, F|100/100\n|turn|2\n|\n|t:|1776405856\n|switch|p2a: Pelipper|Pelipper, L50, M|100/100\n|-weather|RainDance|[from] ability: Drizzle|[of] p2a: Pelipper\n|move|p1a: Whimsicott|Tailwind|p1a: Whimsicott\n|-sidestart|p1: Mybread69|move: Tailwind\n|move|p1b: Garchomp|Breaking Swipe|p2a: Pelipper|[spread] p2a,p2b\n|-damage|p2a: Pelipper|80/100\n|-damage|p2b: Blastoise|73/100\n|-unboost|p2a: Pelipper|atk|1\n|-unboost|p2b: Blastoise|atk|1\n|move|p2b: Blastoise|Flip Turn|p1a: Whimsicott\n|-resisted|p1a: Whimsicott|1\n|-damage|p1a: Whimsicott|66/100\n|-message|Mybread69 forfeited.\n|\n|win|Zhi2\n|raw|Mybread69's rating: 1166 &rarr; <strong>1142</strong><br />(-24 for losing)\n|raw|Zhi2's rating: 1186 &rarr; <strong>1210</strong><br />(+24 for winning)\n|l|\u2606Mybread69\n|player|p1|\n|l|\u2606Zhi2\n|player|p2|\n|j|\u2606Zhi2\n|player|p2|Zhi2|169|\n",
  "uploadtime": 1776405884,
  "views": 24,
  "formatid": "gen9championsvgc2026regma",
  "rating": 1142,
  "private": 0,
  "password": null
}