{
  "id": "gen9championsvgc2026regma-2581264930",
  "format": "[Gen 9 Champions] VGC 2026 Reg M-A",
  "players": [
    "Oskan05",
    "pengu"
  ],
  "log": "|j|\u2606Oskan05\n|j|\u2606pengu\n|t:|1775978388\n|gametype|doubles\n|player|p1|Oskan05|2|\n|player|p2|pengu|rosa-masters|\n|gen|9\n|tier|[Gen 9 Champions] VGC 2026 Reg M-A\n|rated|Tournament battle\n|rule|Species Clause: Limit one of each Pok\u00e9mon\n|rule|Item Clause: Limit 1 of each item\n|clearpoke\n|poke|p1|Sinistcha-Masterpiece, L50|\n|poke|p1|Sharpedo, L50, M|\n|poke|p1|Kingambit, L50, M|\n|poke|p1|Arcanine-Hisui, L50, M|\n|poke|p1|Corviknight, L50, F|\n|poke|p1|Hydreigon, L50, F|\n|poke|p2|Pelipper, L50, M|\n|poke|p2|Basculegion, L50, M|\n|poke|p2|Dragonite, L50, M|\n|poke|p2|Sinistcha, L50|\n|poke|p2|Archaludon, L50, M|\n|poke|p2|Sneasler, L50, F|\n|teampreview|4\n|inactive|Battle timer is ON: inactive players will automatically lose when time's up. (requested by pengu)\n|c|\u2606pengu|hf\npengu has agreed to open team sheets.\n|c|\u2606Oskan05|tyu2!\n|j| platanopower420\nOskan05 has agreed to open team sheets.\n|showteam|p1|Sinistcha-Masterpiece||SitrusBerry|Hospitality|RagePowder,TrickRoom,MatchaGotcha,LifeDew||||||50|]Sharpedo||Sharpedonite|SpeedBoost|Protect,Crunch,PsychicFangs,Liquidation|||M|||50|]Kingambit||BlackBelt|Defiant|Protect,SuckerPunch,IronHead,KowtowCleave|||M|||50|]Arcanine-Hisui||WhiteHerb|Intimidate|FlareBlitz,RockSlide,ExtremeSpeed,Protect|||M|||50|]Corviknight||Leftovers|MirrorArmor|Tailwind,BraveBird,Roost,BulkUp|||F|||50|]Hydreigon||ScopeLens|Levitate|FocusEnergy,DracoMeteor,Snarl,Protect|||F|||50|\n|showteam|p2|Pelipper||FocusSash|Drizzle|WeatherBall,Hurricane,Tailwind,Protect|||M|||50|]Basculegion||MysticWater|SwiftSwim|WaveCrash,LastRespects,FlipTurn,Protect|||M|||50|]Dragonite||Dragoninite|Multiscale|DragonPulse,Hurricane,Thunder,Protect|||M|||50|]Sinistcha||SitrusBerry|Hospitality|MatchaGotcha,LifeDew,RagePowder,TrickRoom||||||50|]Archaludon||ChopleBerry|Stamina|ElectroShot,DracoMeteor,FlashCannon,Protect|||M|||50|]Sneasler||WhiteHerb|Unburden|FakeOut,CloseCombat,DireClaw,Protect|||F|||50|\n|j| drwyz\n|inactive|Oskan05 has 60 seconds left.\n|inactive|pengu has 60 seconds left.\n|c|\u2606Oskan05|!dt electro shot\n|c|\u2606Oskan05|/raw <ul class=\"utilichart\"><li class=\"result\"><span class=\"col movenamecol\"><a href=\"https://dex.pokemonshowdown.com/moves/electroshot\">Electro Shot</a></span> <span class=\"col typecol\"><img src=\"//play.pokemonshowdown.com/sprites/types/Electric.png\" alt=\"Electric\" width=\"32\" height=\"14\"><img src=\"//play.pokemonshowdown.com/sprites/categories/Special.png\" alt=\"Special\" width=\"32\" height=\"14\"></span> <span class=\"col labelcol\"><em>Power</em><br>130</span> <span class=\"col widelabelcol\"><em>Accuracy</em><br>100%</span> <span class=\"col pplabelcol\"><em>PP</em><br>16</span> <span class=\"col movedesccol\">Raises Sp. Atk by 1, hits turn 2. Rain: no charge.</span> </li><li style=\"clear:both\"></li></ul>\n|c|\u2606Oskan05|/raw <font size=\"1\"><font color=\"#686868\">Priority:</font> 0&nbsp;|&ThickSpace;<font color=\"#686868\">Gen:</font> 9&nbsp;|&ThickSpace;&#10003; Boosted by Sheer Force&nbsp;|&ThickSpace;&#10003; Two-turn move&nbsp;|&ThickSpace;<font color=\"#686868\">Z-Power:</font> 195&nbsp;|&ThickSpace;<font color=\"#686868\">Target:</font> One Adjacent Pok\u00e9mon</font>\n\n|inactive|Oskan05 has 30 seconds left.\n|l| drwyz\n|inactive|Oskan05 has 20 seconds left.\n|inactive|Oskan05 has 15 seconds left.\n|inactive|Oskan05 has 10 seconds left.\n|inactive|Oskan05 has 5 seconds left.\n|\n|t:|1775978475\n|teamsize|p1|4\n|teamsize|p2|4\n|start\n|switch|p1a: Hydreigon|Hydreigon, L50, F|100/100\n|switch|p1b: Sinistcha|Sinistcha-Masterpiece, L50|100/100\n|switch|p2a: Dragonite|Dragonite, L50, M|100/100\n|switch|p2b: Sneasler|Sneasler, L50, F|100/100\n|turn|1\n|inactive|Oskan05 has 30 seconds left.\n|c|\u2606Oskan05|!dt dragonite mega\n|c|\u2606Oskan05|/raw <div class=\"message\"><ul class=\"utilichart\"><li class=\"result\"><span class=\"col numcol\">OU</span> <span class=\"col iconcol\"><psicon pokemon=\"dragonitemega\"/></span> <span class=\"col pokemonnamecol\" style=\"white-space:nowrap\"><a href=\"https://dex.pokemonshowdown.com/pokemon/dragonitemega\" target=\"_blank\">Dragonite-Mega</a></span> <span class=\"col typecol\"><img src=\"https://play.pokemonshowdown.com/sprites/types/Dragon.png\" alt=\"Dragon\" height=\"14\" width=\"32\"><img src=\"https://play.pokemonshowdown.com/sprites/types/Flying.png\" alt=\"Flying\" height=\"14\" width=\"32\"></span> <span style=\"float:left;min-height:26px\"><span class=\"col abilitycol\">Multiscale</span><span class=\"col abilitycol\"></span></span><span style=\"float:left;min-height:26px\"><span class=\"col statcol\"><em>HP</em><br />91</span> <span class=\"col statcol\"><em>Atk</em><br />124</span> <span class=\"col statcol\"><em>Def</em><br />115</span> <span class=\"col statcol\"><em>SpA</em><br />145</span> <span class=\"col statcol\"><em>SpD</em><br />125</span> <span class=\"col statcol\"><em>Spe</em><br />100</span> <span class=\"col bstcol\"><em>BST<br />700</em></span> </span></li><li style=\"clear:both\"></li></ul></div>\n|c|\u2606Oskan05|/raw <font size=\"1\"><font color=\"#686868\">Dex#:</font> 149&nbsp;|&ThickSpace;<font color=\"#686868\">Gen:</font> 9&nbsp;|&ThickSpace;<font color=\"#686868\">Height:</font> 2.2 m&nbsp;|&ThickSpace;<font color=\"#686868\">Weight:</font> 290 kg <em>(120 BP)</em>&nbsp;|&ThickSpace;<font color=\"#686868\">Dex Colour:</font> Brown&nbsp;|&ThickSpace;<font color=\"#686868\">Egg Group(s):</font> Water 1, Dragon&nbsp;|&ThickSpace;<font color=\"#686868\">Does Not Evolve</font></font>\n\n|\n|t:|1775978508\n|detailschange|p2a: Dragonite|Dragonite-Mega, L50, M\n|-mega|p2a: Dragonite|Dragonite|Dragoninite\n|move|p1a: Hydreigon|Protect|p1a: Hydreigon\n|-singleturn|p1a: Hydreigon|Protect\n|move|p2b: Sneasler|Fake Out|p1a: Hydreigon\n|-activate|p1a: Hydreigon|move: Protect\n|move|p2a: Dragonite|Hurricane|p1b: Sinistcha|[miss]\n|-miss|p2a: Dragonite|p1b: Sinistcha\n|move|p1b: Sinistcha|Matcha Gotcha|p2a: Dragonite|[spread] p2a,p2b\n|-resisted|p2a: Dragonite|2\n|-resisted|p2b: Sneasler|1\n|-damage|p2a: Dragonite|98/100\n|-damage|p2b: Sneasler|85/100\n|\n|upkeep\n|turn|2\n|c|\u2606pengu|unfort\n|inactive|Oskan05 has 30 seconds left.\n|inactive|pengu has 30 seconds left.\n|inactive|pengu has 20 seconds left.\n|c|\u2606Oskan05|ye\n|\n|t:|1775978547\n|switch|p2b: Pelipper|Pelipper, L50, M|100/100\n|-weather|RainDance|[from] ability: Drizzle|[of] p2b: Pelipper\n|move|p2a: Dragonite|Protect|p2a: Dragonite\n|-singleturn|p2a: Dragonite|Protect\n|move|p1b: Sinistcha|Rage Powder|p1b: Sinistcha\n|-singleturn|p1b: Sinistcha|move: Rage Powder\n|move|p1a: Hydreigon|Focus Energy|p1a: Hydreigon\n|-start|p1a: Hydreigon|move: Focus Energy\n|\n|-weather|RainDance|[upkeep]\n|upkeep\n|turn|3\n|inactive|Oskan05 has 30 seconds left.\n|\n|t:|1775978572\n|switch|p2a: Archaludon|Archaludon, L50, M|100/100\n|switch|p1b: Sharpedo|Sharpedo, L50, M|100/100\n|move|p1a: Hydreigon|Draco Meteor|p2a: Archaludon\n|-crit|p2a: Archaludon\n|-damage|p2a: Archaludon|0 fnt\n|-unboost|p1a: Hydreigon|spa|2\n|faint|p2a: Archaludon\n|move|p2b: Pelipper|Hurricane|p1b: Sharpedo\n|-damage|p1b: Sharpedo|0 fnt\n|faint|p1b: Sharpedo\n|\n|-weather|RainDance|[upkeep]\n|upkeep\n|c|\u2606Oskan05|fuq\n|c|\u2606Oskan05|haha\n|inactive|Oskan05 has 30 seconds left.\n|inactive|pengu has 30 seconds left.\n|\n|t:|1775978604\n|switch|p1b: Corviknight|Corviknight, L50, F|100/100\n|switch|p2a: Dragonite|Dragonite-Mega, L50, M|98/100\n|turn|4\n|j| aurora ltd\n|inactive|Oskan05 has 30 seconds left.\n|\n|t:|1775978638\n|move|p1a: Hydreigon|Protect|p1a: Hydreigon\n|-singleturn|p1a: Hydreigon|Protect\n|move|p2a: Dragonite|Protect|p2a: Dragonite\n|-singleturn|p2a: Dragonite|Protect\n|move|p2b: Pelipper|Tailwind|p2b: Pelipper\n|-sidestart|p2: pengu|move: Tailwind\n|move|p1b: Corviknight|Brave Bird|p2b: Pelipper\n|-damage|p2b: Pelipper|51/100\n|-damage|p1b: Corviknight|90/100|[from] Recoil\n|\n|-weather|RainDance|[upkeep]\n|-heal|p1b: Corviknight|96/100|[from] item: Leftovers\n|upkeep\n|turn|5\n|j| khungcanh\n|\n|t:|1775978658\n|switch|p1a: Sinistcha|Sinistcha-Masterpiece, L50|100/100\n|-heal|p1b: Corviknight|100/100|[from] ability: Hospitality|[of] p1a: Sinistcha\n|move|p2b: Pelipper|Weather Ball|p1a: Sinistcha\n|-resisted|p1a: Sinistcha|1\n|-damage|p1a: Sinistcha|72/100\n|move|p2a: Dragonite|Dragon Pulse|p1a: Sinistcha\n|-damage|p1a: Sinistcha|24/100\n|-enditem|p1a: Sinistcha|Sitrus Berry|[eat]\n|-heal|p1a: Sinistcha|49/100|[from] item: Sitrus Berry\n|move|p1b: Corviknight|Tailwind|p1b: Corviknight\n|-sidestart|p1: Oskan05|move: Tailwind\n|\n|-weather|RainDance|[upkeep]\n|upkeep\n|turn|6\n|l| khungcanh\n|inactive|Oskan05 has 30 seconds left.\n|\n|t:|1775978683\n|switch|p1b: Hydreigon|Hydreigon, L50, F|100/100\n|move|p1a: Sinistcha|Rage Powder|p1a: Sinistcha\n|-singleturn|p1a: Sinistcha|move: Rage Powder\n|move|p2b: Pelipper|Weather Ball|p1a: Sinistcha\n|-resisted|p1a: Sinistcha|1\n|-damage|p1a: Sinistcha|24/100\n|move|p2a: Dragonite|Hurricane|p1a: Sinistcha\n|-supereffective|p1a: Sinistcha|1\n|-damage|p1a: Sinistcha|0 fnt\n|faint|p1a: Sinistcha\n|\n|-weather|none\n|upkeep\n|\n|t:|1775978695\n|switch|p1a: Corviknight|Corviknight, L50, F|100/100\n|turn|7\n|\n|t:|1775978709\n|move|p1b: Hydreigon|Protect|p1b: Hydreigon\n|-singleturn|p1b: Hydreigon|Protect\n|move|p2b: Pelipper|Protect|p2b: Pelipper\n|-singleturn|p2b: Pelipper|Protect\n|move|p2a: Dragonite|Protect|p2a: Dragonite\n|-singleturn|p2a: Dragonite|Protect\n|move|p1a: Corviknight|Roost||[still]\n|-fail|p1a: Corviknight|heal\n|\n|-sideend|p2: pengu|move: Tailwind\n|upkeep\n|turn|8\n|j| drwyz\n|l| drwyz\n|inactive|Oskan05 has 30 seconds left.\n|inactive|pengu has 30 seconds left.\n|\n|t:|1775978735\n|switch|p2a: Sneasler|Sneasler, L50, F|85/100\n|move|p1b: Hydreigon|Draco Meteor|p2a: Sneasler\n|-damage|p2a: Sneasler|0 fnt\n|-unboost|p1b: Hydreigon|spa|2\n|faint|p2a: Sneasler\n|move|p1a: Corviknight|Brave Bird|p2b: Pelipper\n|-damage|p2b: Pelipper|0 fnt\n|faint|p2b: Pelipper\n|-damage|p1a: Corviknight|89/100|[from] Recoil\n|\n|-heal|p1a: Corviknight|95/100|[from] item: Leftovers\n|-sideend|p1: Oskan05|move: Tailwind\n|upkeep\n|j| caramelpainn\n|\n|t:|1775978748\n|switch|p2b: Dragonite|Dragonite-Mega, L50, M|98/100\n|turn|9\n|\n|t:|1775978752\n|move|p1b: Hydreigon|Protect|p1b: Hydreigon\n|-singleturn|p1b: Hydreigon|Protect\n|move|p2b: Dragonite|Thunder|p1a: Corviknight\n|-supereffective|p1a: Corviknight|1\n|-damage|p1a: Corviknight|36/100\n|-status|p1a: Corviknight|par\n|move|p1a: Corviknight|Tailwind|p1a: Corviknight\n|-sidestart|p1: Oskan05|move: Tailwind\n|\n|-heal|p1a: Corviknight|41/100 par|[from] item: Leftovers\n|upkeep\n|turn|10\n|\n|t:|1775978764\n|move|p2b: Dragonite|Protect|p2b: Dragonite\n|-singleturn|p2b: Dragonite|Protect\n|move|p1b: Hydreigon|Focus Energy|p1b: Hydreigon\n|-start|p1b: Hydreigon|move: Focus Energy\n|move|p1a: Corviknight|Roost|p1a: Corviknight\n|-heal|p1a: Corviknight|92/100 par\n|-singleturn|p1a: Corviknight|move: Roost\n|\n|-heal|p1a: Corviknight|98/100 par|[from] item: Leftovers\n|upkeep\n|turn|11\n|c|\u2606pengu|oof i could've won\n|c|\u2606pengu|gg\n|\n|t:|1775978780\n|move|p1b: Hydreigon|Draco Meteor|p2b: Dragonite\n|-supereffective|p2b: Dragonite|1\n|-crit|p2b: Dragonite\n|-damage|p2b: Dragonite|0 fnt\n|-unboost|p1b: Hydreigon|spa|2\n|faint|p2b: Dragonite\n|\n|win|Oskan05\n|n|\u2606Oskan05|oskan05\n|n|\u2606pengu|pengu\n|n| platanopower420|platanopower420\n|n| aurora ltd|auroraltd\n|n| caramelpainn|caramelpainn\n|c|\u2606Oskan05|gg\n|l| platanopower420\n|l|\u2606pengu\n|player|p2|\n",
  "uploadtime": 1775978831,
  "views": 10,
  "formatid": "gen9championsvgc2026regma",
  "rating": null,
  "private": 0,
  "password": null
}