{
  "id": "gen9championsvgc2026regma-2582313967",
  "format": "[Gen 9 Champions] VGC 2026 Reg M-A",
  "players": [
    "biei\u2014test",
    "SnorlaxPikachu1"
  ],
  "log": "|j|\u2606biei\u2014test\n|j|\u2606SnorlaxPikachu1\n|html|<table width=\"100%\"><tr><td align=\"left\">biei\u2014test</td><td align=\"right\">SnorlaxPikachu1</tr><tr><td align=\"left\"><i class=\"fa fa-circle-o\"></i> <i class=\"fa fa-circle-o\"></i> </td><td align=\"right\"><i class=\"fa fa-circle-o\"></i> <i class=\"fa fa-circle-o\"></i> </tr></table>\n|uhtml|bestof|<h2><strong>Game 1</strong> of <a href=\"/game-bestof3-gen9championsvgc2026regma-2582313966\">a best-of-3</a></h2>\n|t:|1776082498\n|gametype|doubles\n|player|p1|biei\u2014test|lillie-z|\n|player|p2|SnorlaxPikachu1|palmer|\n|gen|9\n|tier|[Gen 9 Champions] VGC 2026 Reg M-A\n|rated|Tournament battle\n|rule|Species Clause: Limit one of each Pok\u00e9mon\n|rule|Item Clause: Limit 1 of each item\n|raw|<div class=\"infobox\"><details class=\"readmore\" open><summary><strong>2 custom rules:</strong></summary> Force Open Team Sheets, Best of = 3</details></div>\n|clearpoke\n|poke|p1|Sableye, L50, F|\n|poke|p1|Dragonite, L50, F|\n|poke|p1|Palafin, L50, F|\n|poke|p1|Sylveon, L50, F|\n|poke|p1|Politoed, L50, F|\n|poke|p1|Basculegion, L50, M|\n|poke|p2|Kangaskhan, L50, F|\n|poke|p2|Kingambit, L50, F|\n|poke|p2|Pelipper, L50, F|\n|poke|p2|Basculegion, L50, M|\n|poke|p2|Sinistcha, L50|\n|poke|p2|Sneasler, L50, M|\n|teampreview|4\n|showteam|p1|Sableye||FocusSash|Prankster|FakeOut,LightScreen,Reflect,Encore|||F|||50|]Dragonite||Dragoninite|Multiscale|ExtremeSpeed,Protect,DracoMeteor,IceBeam|||F|||50|]Palafin||MysticWater|ZerotoHero|WaveCrash,FlipTurn,JetPunch,CloseCombat|||F|||50|]Sylveon||FairyFeather|Pixilate|HyperVoice,Protect,Moonblast,QuickAttack|||F|||50|]Politoed||SitrusBerry|Drizzle|HelpingHand,MuddyWater,Protect,Encore|||F|||50|]Basculegion||ChoiceScarf|Adaptability|FlipTurn,WaveCrash,LastRespects,AquaJet|||M|||50|\n|showteam|p2|Kangaskhan||Kangaskhanite|Scrappy|FakeOut,DoubleEdge,DrainPunch,Crunch|||F|||50|]Kingambit||ChopleBerry|Defiant|KowtowCleave,SuckerPunch,IronHead,Protect|||F|||50|]Pelipper||FocusSash|Drizzle|WeatherBall,Hurricane,Tailwind,Protect|||F|||50|]Basculegion||ChoiceScarf|Adaptability|WaveCrash,LastRespects,AquaJet,FlipTurn|||M|||50|]Sinistcha||SitrusBerry|Hospitality|MatchaGotcha,ShadowBall,TrickRoom,RagePowder||||||50|]Sneasler||WhiteHerb|Unburden|CloseCombat,DireClaw,Coaching,Protect|||M|||50|\n|inactive|Battle timer is ON: inactive players will automatically lose when time's up. (requested by biei\u2014test)\n|j| Red Fang X\n|j| RaTiKaTe\n|inactive|biei\u2014test has 60 seconds left.\n|\n|t:|1776082545\n|teamsize|p1|4\n|teamsize|p2|4\n|start\n|switch|p1a: Sableye|Sableye, L50, F|100/100\n|switch|p1b: Palafin|Palafin, L50, F|100/100\n|switch|p2a: Sinistcha|Sinistcha, L50|100/100\n|switch|p2b: Kangaskhan|Kangaskhan, L50, F|100/100\n|turn|1\n|\n|t:|1776082565\n|detailschange|p1b: Palafin|Palafin-Hero, L50, F\n|switch|p1b: Sylveon|Sylveon, L50, F|100/100\n|move|p2b: Kangaskhan|Fake Out|p1a: Sableye\n|-damage|p1a: Sableye|77/100\n|cant|p1a: Sableye|flinch\n|move|p2a: Sinistcha|Matcha Gotcha|p1b: Sylveon|[spread] p1a,p1b\n|-damage|p1a: Sableye|41/100\n|-damage|p1b: Sylveon|84/100\n|-status|p1a: Sableye|brn\n|\n|-damage|p1a: Sableye|35/100 brn|[from] brn\n|upkeep\n|turn|2\n|c|\u2606biei\u2014test|........\n|c|\u2606SnorlaxPikachu1|!dt scrappy\n|c|\u2606SnorlaxPikachu1|/raw <ul class=\"utilichart\"><li class=\"result\"><span class=\"col namecol\"><a href=\"https://dex.pokemonshowdown.com/abilities/scrappy\">Scrappy</a></span> <span class=\"col abilitydesccol\">Fighting, Normal moves hit Ghost. Immune to Intimidate.</span> </li><li style=\"clear:both\"></li></ul>\n|c|\u2606SnorlaxPikachu1|/raw <font size=\"1\"><font color=\"#686868\">Gen:</font> 4</font>\n\n|c|\u2606SnorlaxPikachu1|see\n|inactive|SnorlaxPikachu1 has 30 seconds left.\n|\n|t:|1776082595\n|detailschange|p2b: Kangaskhan|Kangaskhan-Mega, L50, F\n|-mega|p2b: Kangaskhan|Kangaskhan|Kangaskhanite\n|move|p2a: Sinistcha|Rage Powder|p2a: Sinistcha\n|-singleturn|p2a: Sinistcha|move: Rage Powder\n|move|p1a: Sableye|Encore|p2a: Sinistcha\n|-start|p2a: Sinistcha|Encore\n|move|p2b: Kangaskhan|Double-Edge|p1b: Sylveon\n|-damage|p1b: Sylveon|12/100\n|-damage|p1b: Sylveon|0 fnt\n|faint|p1b: Sylveon\n|-hitcount|p1: Sylveon|2\n|-damage|p2b: Kangaskhan|74/100|[from] Recoil\n|\n|-damage|p1a: Sableye|29/100 brn|[from] brn\n|upkeep\n|c|\u2606biei\u2014test|I know, but burn...\n|\n|t:|1776082614\n|switch|p1b: Dragonite|Dragonite, L50, F|100/100\n|turn|3\n|c|\u2606SnorlaxPikachu1|oh nooo that's totally gonna matter\n|\n|t:|1776082623\n|detailschange|p1b: Dragonite|Dragonite-Mega, L50, F\n|-mega|p1b: Dragonite|Dragonite|Dragoninite\n|move|p2a: Sinistcha|Rage Powder|p2a: Sinistcha\n|-singleturn|p2a: Sinistcha|move: Rage Powder\n|move|p1a: Sableye|Reflect|p1a: Sableye\n|-sidestart|p1: biei\u2014test|Reflect\n|move|p1b: Dragonite|Ice Beam|p2a: Sinistcha\n|-supereffective|p2a: Sinistcha|1\n|-damage|p2a: Sinistcha|14/100\n|-enditem|p2a: Sinistcha|Sitrus Berry|[eat]\n|-heal|p2a: Sinistcha|39/100|[from] item: Sitrus Berry\n|move|p2b: Kangaskhan|Crunch|p1a: Sableye\n|-damage|p1a: Sableye|1/100 brn\n|-damage|p1a: Sableye|0 fnt\n|faint|p1a: Sableye\n|-hitcount|p1: Sableye|2\n|\n|upkeep\n|\n|t:|1776082627\n|switch|p1a: Palafin|Palafin-Hero, L50, F|100/100\n|-activate|p1a: Palafin|ability: Zero to Hero\n|turn|4\n|\n|t:|1776082644\n|move|p2a: Sinistcha|Rage Powder|p2a: Sinistcha\n|-singleturn|p2a: Sinistcha|move: Rage Powder\n|move|p1b: Dragonite|Ice Beam|p2a: Sinistcha\n|-supereffective|p2a: Sinistcha|1\n|-damage|p2a: Sinistcha|0 fnt\n|faint|p2a: Sinistcha\n|move|p2b: Kangaskhan|Double-Edge|p1a: Palafin\n|-damage|p1a: Palafin|64/100\n|-damage|p1a: Palafin|55/100\n|-hitcount|p1a: Palafin|2\n|-damage|p2b: Kangaskhan|60/100|[from] Recoil\n|move|p1a: Palafin|Wave Crash|p2b: Kangaskhan\n|-damage|p2b: Kangaskhan|0 fnt\n|faint|p2b: Kangaskhan\n|-damage|p1a: Palafin|35/100|[from] Recoil\n|\n|upkeep\n|\n|t:|1776082651\n|switch|p2b: Kingambit|Kingambit, L50, F|100/100\n|switch|p2a: fih|Basculegion, L50, M|100/100\n|turn|5\n|\n|t:|1776082669\n|move|p1a: Palafin|Jet Punch|p2a: fih\n|-resisted|p2a: fih|1\n|-damage|p2a: fih|70/100\n|move|p2a: fih|Last Respects|p1a: Palafin\n|-damage|p1a: Palafin|0 fnt\n|faint|p1a: Palafin\n|move|p1b: Dragonite|Draco Meteor|p2a: fih\n|-damage|p2a: fih|0 fnt\n|-unboost|p1b: Dragonite|spa|2\n|faint|p2a: fih\n|move|p2b: Kingambit|Kowtow Cleave|p1b: Dragonite\n|-damage|p1b: Dragonite|84/100\n|\n|upkeep\n|turn|6\n|\n|t:|1776082682\n|move|p2b: Kingambit|Protect|p2b: Kingambit\n|-singleturn|p2b: Kingambit|Protect\n|move|p1b: Dragonite|Draco Meteor|p2b: Kingambit\n|-activate|p2b: Kingambit|move: Protect\n|\n|upkeep\n|turn|7\n|\n|t:|1776082685\n|move|p1b: Dragonite|Ice Beam|p2b: Kingambit\n|-resisted|p2b: Kingambit|1\n|-damage|p2b: Kingambit|92/100\n|move|p2b: Kingambit|Kowtow Cleave|p1b: Dragonite\n|-damage|p1b: Dragonite|51/100\n|\n|-sideend|p1: biei\u2014test|Reflect\n|upkeep\n|turn|8\n|\n|t:|1776082690\n|move|p1b: Dragonite|Ice Beam|p2b: Kingambit\n|-resisted|p2b: Kingambit|1\n|-damage|p2b: Kingambit|82/100\n|move|p2b: Kingambit|Kowtow Cleave|p1b: Dragonite\n|-damage|p1b: Dragonite|9/100\n|\n|upkeep\n|turn|9\n|-message|biei\u2014test forfeited.\n|\n|win|SnorlaxPikachu1\n||SnorlaxPikachu1 is ready for game 2.\n||biei\u2014test is ready for game 2.\n|uhtml|next|Next: <a href=\"/battle-gen9championsvgc2026regma-2582316186\"><strong>Game 2 of 3</strong></a>\n|l| Red Fang X\n|l|\u2606biei\u2014test\n|player|p1|\n|l|\u2606SnorlaxPikachu1\n|player|p2|\n|j|\u2606biei\u2014test\n|player|p1|biei\u2014test|lillie-z|\n",
  "uploadtime": 1776083049,
  "views": 10,
  "formatid": "gen9championsvgc2026regma",
  "rating": null,
  "private": 0,
  "password": null
}