{
  "id": "gen9championsvgc2026regma-2587385851",
  "format": "[Gen 9 Champions] VGC 2026 Reg M-A",
  "players": [
    "plxzma",
    "Shadoweclipsis"
  ],
  "log": "|j|\u2606plxzma\n|j|\u2606Shadoweclipsis\n|t:|1776527457\n|gametype|doubles\n|player|p1|plxzma|169|1163\n|player|p2|Shadoweclipsis|266|1097\n|gen|9\n|tier|[Gen 9 Champions] VGC 2026 Reg M-A\n|rated|\n|rule|Species Clause: Limit one of each Pok\u00e9mon\n|rule|Item Clause: Limit 1 of each item\n|clearpoke\n|poke|p1|Floette-Eternal, L50, F|\n|poke|p1|Aerodactyl, L50, M|\n|poke|p1|Incineroar, L50, F|\n|poke|p1|Basculegion, L50, M|\n|poke|p1|Politoed, L50, M|\n|poke|p1|Sinistcha, L50|\n|poke|p2|Aggron, L50, F|\n|poke|p2|Sneasler, L50, F|\n|poke|p2|Sinistcha, L50|\n|poke|p2|Delphox, L50, F|\n|poke|p2|Basculegion, L50, M|\n|poke|p2|Aerodactyl, L50, M|\n|teampreview|4\n|inactive|Battle timer is ON: inactive players will automatically lose when time's up. (requested by Shadoweclipsis)\n|\n|t:|1776527484\n|teamsize|p1|4\n|teamsize|p2|4\n|start\n|switch|p1a: Incineroar|Incineroar, L50, F|100/100\n|switch|p1b: Basculegion|Basculegion, L50, M|100/100\n|switch|p2a: Sneasler|Sneasler, L50, F|100/100\n|switch|p2b: Basculegion|Basculegion, L50, M|100/100\n|-ability|p1a: Incineroar|Intimidate|boost\n|-unboost|p2a: Sneasler|atk|1\n|-unboost|p2b: Basculegion|atk|1\n|-enditem|p2a: Sneasler|White Herb\n|-clearnegativeboost|p2a: Sneasler|[silent]\n|turn|1\n|inactive|plxzma has 30 seconds left.\n|\n|t:|1776527511\n|move|p2a: Sneasler|Fake Out|p1a: Incineroar\n|-damage|p1a: Incineroar|87/100\n|cant|p1a: Incineroar|flinch\n|move|p2b: Basculegion|Flip Turn|p1a: Incineroar\n|-supereffective|p1a: Incineroar|1\n|-damage|p1a: Incineroar|36/100\n|-enditem|p1a: Incineroar|Sitrus Berry|[eat]\n|-heal|p1a: Incineroar|60/100|[from] item: Sitrus Berry\n|\n|t:|1776527521\n|switch|p2b: Aggron|Aggron, L50, F|100/100|[from] Flip Turn\n|move|p1b: Basculegion|Wave Crash|p2a: Sneasler\n|-damage|p2a: Sneasler|0 fnt\n|faint|p2a: Sneasler\n|-damage|p1b: Basculegion|74/100|[from] Recoil\n|\n|upkeep\n|\n|t:|1776527531\n|switch|p2a: Basculegion|Basculegion, L50, M|100/100\n|turn|2\n|inactive|Shadoweclipsis has 30 seconds left.\n|\n|t:|1776527559\n|detailschange|p2b: Aggron|Aggron-Mega, L50, F\n|-mega|p2b: Aggron|Aggron|Aggronite\n|move|p2a: Basculegion|Last Respects|p1b: Basculegion\n|-supereffective|p1b: Basculegion|1\n|-damage|p1b: Basculegion|0 fnt\n|faint|p1b: Basculegion\n|move|p1a: Incineroar|Darkest Lariat|p2a: Basculegion\n|-supereffective|p2a: Basculegion|1\n|-damage|p2a: Basculegion|0 fnt\n|faint|p2a: Basculegion\n|move|p2b: Aggron|Iron Defense|p2b: Aggron\n|-boost|p2b: Aggron|def|2\n|\n|upkeep\n|-message|plxzma forfeited.\n|\n|win|Shadoweclipsis\n|raw|plxzma's rating: 1163 &rarr; <strong>1133</strong><br />(-30 for losing)\n|raw|Shadoweclipsis's rating: 1097 &rarr; <strong>1127</strong><br />(+30 for winning)\n|l|\u2606plxzma\n|player|p1|\n",
  "uploadtime": 1776527574,
  "views": 14,
  "formatid": "gen9championsvgc2026regma",
  "rating": 1127,
  "private": 0,
  "password": null
}