{
  "id": "gen9championsvgc2026regma-2587015799",
  "format": "[Gen 9 Champions] VGC 2026 Reg M-A",
  "players": [
    "EpicToxie",
    "raskyl"
  ],
  "log": "|j|\u2606EpicToxie\n|j|\u2606raskyl\n|t:|1776481494\n|gametype|doubles\n|player|p1|EpicToxie|caitlin|1338\n|player|p2|raskyl|pokemonranger-gen4|1324\n|gen|9\n|tier|[Gen 9 Champions] VGC 2026 Reg M-A\n|rated|\n|rule|Species Clause: Limit one of each Pok\u00e9mon\n|rule|Item Clause: Limit 1 of each item\n|clearpoke\n|poke|p1|Floette-Eternal, L50, F|\n|poke|p1|Tyranitar, L50, F|\n|poke|p1|Maushold, L50|\n|poke|p1|Sinistcha, L50|\n|poke|p1|Sneasler, L50, M|\n|poke|p1|Aerodactyl, L50, F|\n|poke|p2|Dragapult, L50, F|\n|poke|p2|Primarina, L50, F|\n|poke|p2|Pelipper, L50, M|\n|poke|p2|Drampa, L50, F|\n|poke|p2|Gardevoir, L50, M|\n|poke|p2|Sinistcha, L50|\n|teampreview|4\n|inactive|Battle timer is ON: inactive players will automatically lose when time's up. (requested by raskyl)\n|\n|t:|1776481520\n|teamsize|p1|4\n|teamsize|p2|4\n|start\n|switch|p1a: Aerodactyl|Aerodactyl, L50, F|100/100\n|switch|p1b: Sneasler|Sneasler, L50, M|100/100\n|switch|p2a: Dragapult|Dragapult, L50, F|100/100\n|switch|p2b: Primarina|Primarina, L50, F|100/100\n|-ability|p1a: Aerodactyl|Unnerve\n|turn|1\n|\n|t:|1776481543\n|move|p2b: Primarina|Protect|p2b: Primarina\n|-singleturn|p2b: Primarina|Protect\n|move|p2a: Dragapult|Will-O-Wisp|p1b: Sneasler\n|-status|p1b: Sneasler|brn\n|move|p1a: Aerodactyl|Tailwind|p1a: Aerodactyl\n|-sidestart|p1: EpicToxie|move: Tailwind\n|move|p1b: Sneasler|Dire Claw|p2a: Dragapult\n|-resisted|p2a: Dragapult|1\n|-damage|p2a: Dragapult|89/100\n|\n|-damage|p1b: Sneasler|95/100 brn|[from] brn\n|upkeep\n|turn|2\n|\n|t:|1776481567\n|move|p1a: Aerodactyl|Rock Slide|p2a: Dragapult|[spread] p2a,p2b\n|-damage|p2a: Dragapult|59/100\n|-damage|p2b: Primarina|69/100\n|move|p1b: Sneasler|Dire Claw|p2b: Primarina\n|-supereffective|p2b: Primarina|1\n|-damage|p2b: Primarina|14/100\n|cant|p2a: Dragapult|flinch\n|cant|p2b: Primarina|flinch\n|\n|-damage|p1b: Sneasler|89/100 brn|[from] brn\n|upkeep\n|turn|3\n|\n|t:|1776481580\n|move|p2b: Primarina|Protect|p2b: Primarina\n|-singleturn|p2b: Primarina|Protect\n|move|p1a: Aerodactyl|Rock Slide|p2b: Primarina|[spread] p2a\n|-activate|p2b: Primarina|move: Protect\n|-damage|p2a: Dragapult|28/100\n|move|p1b: Sneasler|Dire Claw|p2a: Dragapult\n|-resisted|p2a: Dragapult|1\n|-damage|p2a: Dragapult|15/100\n|-status|p2a: Dragapult|psn\n|cant|p2a: Dragapult|flinch\n|\n|-damage|p2a: Dragapult|3/100 psn|[from] psn\n|-damage|p1b: Sneasler|83/100 brn|[from] brn\n|upkeep\n|turn|4\n|c|\u2606raskyl|yup got it\n|-message|raskyl forfeited.\n|\n|win|EpicToxie\n|raw|EpicToxie's rating: 1338 &rarr; <strong>1357</strong><br />(+19 for winning)\n|raw|raskyl's rating: 1324 &rarr; <strong>1305</strong><br />(-19 for losing)\n|l|\u2606raskyl\n|player|p2|\n",
  "uploadtime": 1776481613,
  "views": 40,
  "formatid": "gen9championsvgc2026regma",
  "rating": 1305,
  "private": 0,
  "password": null
}