{
  "id": "gen9championsvgc2026regma-2588220489",
  "format": "[Gen 9 Champions] VGC 2026 Reg M-A",
  "players": [
    "bnvy",
    "MvillMpersonality"
  ],
  "log": "|j|\u2606bnvy\n|j|\u2606MvillMpersonality\n|t:|1776615565\n|gametype|doubles\n|player|p1|bnvy|170|1126\n|player|p2|MvillMpersonality|169|1132\n|gen|9\n|tier|[Gen 9 Champions] VGC 2026 Reg M-A\n|rated|\n|rule|Species Clause: Limit one of each Pok\u00e9mon\n|rule|Item Clause: Limit 1 of each item\n|clearpoke\n|poke|p1|Crabominable, L50, M|\n|poke|p1|Kingambit, L50, M|\n|poke|p1|Incineroar, L50, M|\n|poke|p1|Slowking-Galar, L50, M|\n|poke|p1|Primarina, L50, F|\n|poke|p1|Sinistcha, L50|\n|poke|p2|Scovillain, L50, M|\n|poke|p2|Sinistcha, L50|\n|poke|p2|Gallade, L50, M|\n|poke|p2|Kingambit, L50, M|\n|poke|p2|Rhyperior, L50, M|\n|poke|p2|Primarina, L50, M|\n|teampreview|4\nbnvy rejected open team sheets.\n|c|\u2606MvillMpersonality|glhf\n|inactive|Battle timer is ON: inactive players will automatically lose when time's up. (requested by bnvy)\n|c|\u2606MvillMpersonality|Check out mscov for hard TR\n|\n|t:|1776615622\n|teamsize|p1|4\n|teamsize|p2|4\n|start\n|switch|p1a: Slowking|Slowking-Galar, L50, M|100/100\n|switch|p1b: Sinistcha|Sinistcha, L50|100/100\n|switch|p2a: The Antagonist|Scovillain, L50, M|100/100\n|switch|p2b: Kingambit|Kingambit, L50, M|100/100\n|turn|1\n|inactive|bnvy has 30 seconds left.\n|inactive|bnvy has 20 seconds left.\n|inactive|bnvy has 15 seconds left.\n|\n|t:|1776615667\n|detailschange|p2a: The Antagonist|Scovillain-Mega, L50, M\n|-mega|p2a: The Antagonist|Scovillain|Scovillainite\n|move|p2a: The Antagonist|Overheat|p1b: Sinistcha\n|-supereffective|p1b: Sinistcha|1\n|-damage|p1b: Sinistcha|0 fnt\n|-unboost|p2a: The Antagonist|spa|2\n|faint|p1b: Sinistcha\n|move|p2b: Kingambit|Kowtow Cleave|p1a: Slowking\n|-supereffective|p1a: Slowking|1\n|-enditem|p1a: Slowking|Colbur Berry|[eat]\n|-enditem|p1a: Slowking|Colbur Berry|[weaken]\n|-damage|p1a: Slowking|48/100\n|-prepare|p1a: Slowking|Chilly Reception|[premajor]\n|move|p1a: Slowking|Chilly Reception|p1a: Slowking\n|-weather|Snowscape\n|\n|t:|1776615679\n|switch|p1a: Crabominable|Crabominable, L50, M|100/100|[from] Chilly Reception\n|\n|-weather|Snowscape|[upkeep]\n|upkeep\n|\n|t:|1776615686\n|switch|p1b: Primarina|Primarina, L50, F|100/100\n|turn|2\n|\n|t:|1776615704\n|switch|p1b: Slowking|Slowking-Galar, L50, M|81/100\n|detailschange|p1a: Crabominable|Crabominable-Mega, L50, M\n|-mega|p1a: Crabominable|Crabominable|Crabominite\n|move|p2b: Kingambit|Protect|p2b: Kingambit\n|-singleturn|p2b: Kingambit|Protect\n|move|p2a: The Antagonist|Overheat|p1a: Crabominable\n|-supereffective|p1a: Crabominable|1\n|-damage|p1a: Crabominable|50/100\n|-unboost|p2a: The Antagonist|spa|2\n|move|p1a: Crabominable|Drain Punch|p2b: Kingambit\n|-activate|p2b: Kingambit|move: Protect\n|\n|-weather|Snowscape|[upkeep]\n|upkeep\n|turn|3\n|inactive|MvillMpersonality has 30 seconds left.\n|\n|t:|1776615729\n|move|p2a: The Antagonist|Rage Powder|p2a: The Antagonist\n|-singleturn|p2a: The Antagonist|move: Rage Powder\n|move|p2b: Kingambit|Iron Head|p1a: Crabominable\n|-supereffective|p1a: Crabominable|1\n|-damage|p1a: Crabominable|2/100\n|move|p1a: Crabominable|Drain Punch|p2a: The Antagonist\n|-damage|p2a: The Antagonist|41/100\n|-heal|p1a: Crabominable|27/100|[from] drain|[of] p2a: The Antagonist\n|-status|p1a: Crabominable|brn|[from] ability: Spicy Spray|[of] p2a: The Antagonist\n|move|p1b: Slowking|Trick Room|p1b: Slowking\n|-fieldstart|move: Trick Room|[of] p1b: Slowking\n|\n|-weather|Snowscape|[upkeep]\n|-damage|p1a: Crabominable|22/100 brn|[from] brn\n|upkeep\n|turn|4\n|-message|bnvy forfeited.\n|\n|win|MvillMpersonality\n|raw|bnvy's rating: 1126 &rarr; <strong>1101</strong><br />(-25 for losing)\n|raw|MvillMpersonality's rating: 1132 &rarr; <strong>1157</strong><br />(+25 for winning)\n|l|\u2606bnvy\n|player|p1|\n",
  "uploadtime": 1776615743,
  "views": 13,
  "formatid": "gen9championsvgc2026regma",
  "rating": 1101,
  "private": 0,
  "password": null
}