{
  "id": "gen9championsvgc2026regma-2581847114",
  "format": "[Gen 9 Champions] VGC 2026 Reg M-A",
  "players": [
    "Nansral26",
    "TTT x"
  ],
  "log": "|j|\u2606Nansral26\n|j|\u2606TTT x\n|t:|1776033316\n|gametype|doubles\n|player|p1|Nansral26|hiker-gen4|\n|player|p2|TTT x|#smogonxnpa2025draftee|\n|gen|9\n|tier|[Gen 9 Champions] VGC 2026 Reg M-A\n|rated|Tournament battle\n|rule|Species Clause: Limit one of each Pok\u00e9mon\n|rule|Item Clause: Limit 1 of each item\n|clearpoke\n|poke|p1|Excadrill, L50, F|\n|poke|p1|Maushold, L50|\n|poke|p1|Pinsir, L50, M|\n|poke|p1|Garganacl, L50, M|\n|poke|p1|Hippowdon, L50, M|\n|poke|p1|Stunfisk, L50, M|\n|poke|p2|Manectric, L50, F|\n|poke|p2|Sneasler, L50, F|\n|poke|p2|Archaludon, L50, F|\n|poke|p2|Basculegion, L50, M|\n|poke|p2|Sinistcha, L50|\n|poke|p2|Politoed, L50, F|\n|teampreview|4\n|inactive|Battle timer is ON: inactive players will automatically lose when time's up. (requested by Nansral26)\n|c|\u2606Nansral26|glhf\n|\n|t:|1776033335\n|teamsize|p1|4\n|teamsize|p2|4\n|start\n|switch|p1a: Hippowdon|Hippowdon, L50, M|100/100\n|switch|p1b: Excadrill|Excadrill, L50, F|100/100\n|switch|p2a: fish|Basculegion, L50, M|100/100\n|switch|p2b: Archaludon|Archaludon, L50, F|100/100\n|-weather|Sandstorm|[from] ability: Sand Stream|[of] p1a: Hippowdon\n|turn|1\n|j|+chromate\n|-activate|p1a: Hippowdon|item: Quick Claw\n|\n|t:|1776033353\n|detailschange|p1b: Excadrill|Excadrill-Mega, L50, F\n|-mega|p1b: Excadrill|Excadrill|Excadrite\n|move|p2a: fish|Aqua Jet|p2b: Archaludon\n|-resisted|p2b: Archaludon|1\n|-damage|p2b: Archaludon|91/100\n|-ability|p2b: Archaludon|Stamina|boost\n|-boost|p2b: Archaludon|def|1\n|move|p1a: Hippowdon|Fissure|p2a: fish\n|-damage|p2a: fish|0 fnt\n|faint|p2a: fish\n|-ohko\n|move|p1b: Excadrill|Horn Drill|p2b: Archaludon\n|-damage|p2b: Archaludon|0 fnt\n|faint|p2b: Archaludon\n|-ohko\n|\n|-weather|Sandstorm|[upkeep]\n|upkeep\n|c|\u2606Nansral26|vine boom\n|c|\u2606TTT x|?\n|j| wowee20\n|j|+TheLoanRanger\n|\n|t:|1776033375\n|switch|p2a: binglebop|Politoed, L50, F|100/100\n|switch|p2b: crusty gurple|Sinistcha, L50|100/100\n|-weather|RainDance|[from] ability: Drizzle|[of] p2a: binglebop\n|turn|2\n|c|\u2606Nansral26|im sorry\n|c|\u2606TTT x|Hahaha all good\n|c|\u2606TTT x|that\u2019s crazy\n|\n|t:|1776033386\n|move|p1a: Hippowdon|Protect|p1a: Hippowdon\n|-singleturn|p1a: Hippowdon|Protect\n|move|p1b: Excadrill|Horn Drill|p2a: binglebop\n|-damage|p2a: binglebop|0 fnt\n|faint|p2a: binglebop\n|-ohko\n|move|p2b: crusty gurple|Matcha Gotcha|p1b: Excadrill|[spread] p1b\n|-activate|p1a: Hippowdon|move: Protect\n|-damage|p1b: Excadrill|68/100\n|\n|-weather|RainDance|[upkeep]\n|upkeep\n|turn|3\n|c|\u2606Nansral26|holy shit\n|\n|t:|1776033400\n|switch|p1a: Maushold|Maushold, L50|100/100\n|move|p1b: Excadrill|Iron Head|p2b: crusty gurple\n|-damage|p2b: crusty gurple|57/100\n|cant|p2b: crusty gurple|flinch\n|\n|-weather|RainDance|[upkeep]\n|upkeep\n|turn|4\n|j| Rainpelt103\n|c|+chromate|yo W hacks wtf\n|\n|t:|1776033408\n|move|p1a: Maushold|Bite|p2b: crusty gurple\n|-supereffective|p2b: crusty gurple|1\n|-enditem|p2b: crusty gurple|Colbur Berry|[eat]\n|-enditem|p2b: crusty gurple|Colbur Berry|[weaken]\n|-damage|p2b: crusty gurple|39/100\n|move|p1b: Excadrill|Iron Head|p2b: crusty gurple\n|-damage|p2b: crusty gurple|0 fnt\n|faint|p2b: crusty gurple\n|\n|win|Nansral26\n|n|\u2606Nansral26|nansral26\n|n|\u2606TTT x|tttx\n|n| chromate|chromate\n|n| wowee20|wowee20\n|n| TheLoanRanger|theloanranger\n|n| Rainpelt103|rainpelt103\n|c|\u2606Nansral26|gg omg\n|l| TheLoanRanger\n",
  "uploadtime": 1776033412,
  "views": 103,
  "formatid": "gen9championsvgc2026regma",
  "rating": null,
  "private": 0,
  "password": null
}