{
  "id": "gen9championsvgc2026regma-2585146783",
  "format": "[Gen 9 Champions] VGC 2026 Reg M-A",
  "players": [
    "koihoiboi",
    "oSakaii"
  ],
  "log": "|j|\u2606koihoiboi\n|j|\u2606oSakaii\n|t:|1776317492\n|gametype|doubles\n|player|p1|koihoiboi|265|1138\n|player|p2|oSakaii|alder|1054\n|gen|9\n|tier|[Gen 9 Champions] VGC 2026 Reg M-A\n|rated|\n|rule|Species Clause: Limit one of each Pok\u00e9mon\n|rule|Item Clause: Limit 1 of each item\n|clearpoke\n|poke|p1|Floette-Eternal, L50, F|\n|poke|p1|Maushold-Four, L50|\n|poke|p1|Sinistcha, L50|\n|poke|p1|Torkoal, L50, M|\n|poke|p1|Aegislash, L50, F|\n|poke|p1|Oranguru, L50, F|\n|poke|p2|Whimsicott, L50, F|\n|poke|p2|Charizard, L50, F|\n|poke|p2|Venusaur, L50, M|\n|poke|p2|Garchomp, L50, F|\n|poke|p2|Zoroark-Hisui, L50, F|\n|poke|p2|Sneasler, L50, F|\n|teampreview|4\n|\n|t:|1776317520\n|teamsize|p1|4\n|teamsize|p2|4\n|start\n|switch|p1a: Floette|Floette-Eternal, L50, F|100/100\n|switch|p1b: Oranguru|Oranguru, L50, F|100/100\n|switch|p2a: Whimsicott|Whimsicott, L50, F|100/100\n|switch|p2b: Charizard|Charizard, L50, F|100/100\n|turn|1\n|\n|t:|1776317552\n|move|p2a: Whimsicott|Tailwind|p2a: Whimsicott\n|-sidestart|p2: oSakaii|move: Tailwind\n|move|p2b: Charizard|Nasty Plot|p2b: Charizard\n|-boost|p2b: Charizard|spa|2\n|move|p1a: Floette|Calm Mind|p1a: Floette\n|-boost|p1a: Floette|spa|1\n|-boost|p1a: Floette|spd|1\n|move|p1b: Oranguru|Trick Room|p1b: Oranguru\n|-fieldstart|move: Trick Room|[of] p1b: Oranguru\n|\n|upkeep\n|turn|2\n|\n|t:|1776317592\n|detailschange|p1a: Floette|Floette-Mega, L50, F\n|-mega|p1a: Floette|Floette|Floettite\n|-ability|p1a: Floette|Fairy Aura\n|move|p2a: Whimsicott|Taunt|p1b: Oranguru\n|-start|p1b: Oranguru|move: Taunt\n|-enditem|p1b: Oranguru|Mental Herb\n|-end|p1b: Oranguru|move: Taunt\n|move|p1b: Oranguru|Instruct|p1a: Floette\n|-singleturn|p1a: Floette|move: Instruct|[of] p1b: Oranguru\n|move|p1a: Floette|Calm Mind|p1a: Floette\n|-boost|p1a: Floette|spa|1\n|-boost|p1a: Floette|spd|1\n|move|p1a: Floette|Dazzling Gleam|p2b: Charizard|[spread] p2a,p2b\n|-damage|p2a: Whimsicott|0 fnt\n|-enditem|p2b: Charizard|Focus Sash\n|-damage|p2b: Charizard|1/100\n|replace|p2b: Zoroark|Zoroark-Hisui, L50, F\n|-end|p2b: Zoroark|Illusion\n|faint|p2a: Whimsicott\n|move|p2b: Zoroark|Hyper Voice|p1b: Oranguru|[spread] p1a,p1b\n|-damage|p1a: Floette|79/100\n|-damage|p1b: Oranguru|46/100\n|\n|upkeep\n|\n|t:|1776317615\n|switch|p2a: Charizard|Charizard, L50, F|100/100\n|turn|3\n|\n|t:|1776317627\n|detailschange|p2a: Charizard|Charizard-Mega-Y, L50, F\n|-mega|p2a: Charizard|Charizard|Charizardite Y\n|-weather|SunnyDay|[from] ability: Drought|[of] p2a: Charizard\n|move|p1b: Oranguru|Instruct|p1a: Floette\n|-singleturn|p1a: Floette|move: Instruct|[of] p1b: Oranguru\n|move|p1a: Floette|Dazzling Gleam|p2b: Zoroark|[spread] p2a,p2b\n|-resisted|p2a: Charizard|1\n|-damage|p2a: Charizard|49/100\n|-damage|p2b: Zoroark|0 fnt\n|faint|p2b: Zoroark\n|move|p1a: Floette|Moonblast|p2a: Charizard\n|-resisted|p2a: Charizard|1\n|-damage|p2a: Charizard|0 fnt\n|faint|p2a: Charizard\n|\n|-weather|SunnyDay|[upkeep]\n|upkeep\n|-message|oSakaii forfeited.\n|\n|win|koihoiboi\n|raw|koihoiboi's rating: 1138 &rarr; <strong>1157</strong><br />(+19 for winning)\n|raw|oSakaii's rating: 1054 &rarr; <strong>1040</strong><br />(-14 for losing)\n|l|\u2606oSakaii\n|player|p2|\n",
  "uploadtime": 1776317645,
  "views": 31,
  "formatid": "gen9championsvgc2026regma",
  "rating": 1040,
  "private": 0,
  "password": null
}