{
  "id": "gen9championsvgc2026regma-2588041029",
  "format": "[Gen 9 Champions] VGC 2026 Reg M-A",
  "players": [
    "ihopeafairmatch",
    "SunTufo"
  ],
  "log": "|j|\u2606ihopeafairmatch\n|j|\u2606SunTufo\n|t:|1776596870\n|gametype|doubles\n|player|p1|ihopeafairmatch|ghetsis|1391\n|player|p2|SunTufo|li|1428\n|gen|9\n|tier|[Gen 9 Champions] VGC 2026 Reg M-A\n|rated|\n|rule|Species Clause: Limit one of each Pok\u00e9mon\n|rule|Item Clause: Limit 1 of each item\n|clearpoke\n|poke|p1|Farigiraf, L50, F|\n|poke|p1|Scovillain, L50, M|\n|poke|p1|Snorlax, L50, F|\n|poke|p1|Garchomp, L50, F|\n|poke|p1|Alcremie, L50, F|\n|poke|p1|Skarmory, L50, M, shiny|\n|poke|p2|Aerodactyl, L50, F|\n|poke|p2|Floette-Eternal, L50, F|\n|poke|p2|Incineroar, L50, M, shiny|\n|poke|p2|Sinistcha-Masterpiece, L50|\n|poke|p2|Charizard, L50, M, shiny|\n|poke|p2|Garchomp, L50, M, shiny|\n|teampreview|4\n|inactive|Battle timer is ON: inactive players will automatically lose when time's up. (requested by ihopeafairmatch)\n|inactive|SunTufo also wants the timer to be on.\n|\n|t:|1776596894\n|teamsize|p1|4\n|teamsize|p2|4\n|start\n|switch|p1a: Garchomp|Garchomp, L50, F|100/100\n|switch|p1b: Skarmory|Skarmory, L50, M, shiny|100/100\n|switch|p2a: Aerodactyl|Aerodactyl, L50, F|100/100\n|switch|p2b: Floette|Floette-Eternal, L50, F|100/100\n|-ability|p2a: Aerodactyl|Unnerve\n|turn|1\n|\n|t:|1776596904\n|detailschange|p1b: Skarmory|Skarmory-Mega, L50, M, shiny\n|-mega|p1b: Skarmory|Skarmory|Skarmorite\n|move|p2b: Floette|Protect|p2b: Floette\n|-singleturn|p2b: Floette|Protect\n|move|p1a: Garchomp|Rock Slide|p2b: Floette|[spread] p2a\n|-activate|p2b: Floette|move: Protect\n|-supereffective|p2a: Aerodactyl|1\n|-damage|p2a: Aerodactyl|32/100\n|move|p2a: Aerodactyl|Tailwind|p2a: Aerodactyl\n|-sidestart|p2: SunTufo|move: Tailwind\n|move|p1b: Skarmory|Iron Head|p2b: Floette\n|-activate|p2b: Floette|move: Protect\n|\n|upkeep\n|turn|2\n|\n|t:|1776596917\n|switch|p2a: Incineroar|Incineroar, L50, M, shiny|100/100\n|-ability|p2a: Incineroar|Intimidate|boost\n|-unboost|p1a: Garchomp|atk|1\n|-unboost|p1b: Skarmory|atk|1\n|switch|p1a: Alcremie|Alcremie, L50, F|100/100\n|detailschange|p2b: Floette|Floette-Mega, L50, F\n|-mega|p2b: Floette|Floette|Floettite\n|-ability|p2b: Floette|Fairy Aura\n|move|p2b: Floette|Dazzling Gleam|p1a: Alcremie|[spread] p1a,p1b\n|-resisted|p1b: Skarmory|1\n|-damage|p1a: Alcremie|58/100\n|-damage|p1b: Skarmory|74/100\n|move|p1b: Skarmory|Iron Head|p2b: Floette\n|-supereffective|p2b: Floette|1\n|-damage|p2b: Floette|47/100\n|\n|upkeep\n|turn|3\n|\n|t:|1776596935\n|switch|p1a: Farigiraf|Farigiraf, L50, F|100/100\n|move|p2b: Floette|Dazzling Gleam|p1b: Skarmory|[spread] p1a,p1b\n|-resisted|p1b: Skarmory|1\n|-crit|p1b: Skarmory\n|-damage|p1a: Farigiraf|51/100\n|-damage|p1b: Skarmory|32/100\n|move|p2a: Incineroar|Flare Blitz|p1b: Skarmory\n|-supereffective|p1b: Skarmory|1\n|-damage|p1b: Skarmory|0 fnt\n|faint|p1b: Skarmory\n|-damage|p2a: Incineroar|92/100|[from] Recoil\n|\n|upkeep\n|\n|t:|1776596941\n|switch|p1b: Alcremie|Alcremie, L50, F|58/100\n|turn|4\n|-message|ihopeafairmatch forfeited.\n|\n|win|SunTufo\n|raw|ihopeafairmatch's rating: 1391 &rarr; <strong>1372</strong><br />(-19 for losing)\n|raw|SunTufo's rating: 1405 &rarr; <strong>1424</strong><br />(+19 for winning)\n",
  "uploadtime": 1776596945,
  "views": 13,
  "formatid": "gen9championsvgc2026regma",
  "rating": 1372,
  "private": 0,
  "password": null
}