{
  "id": "gen9championsvgc2026regma-2582812559",
  "format": "[Gen 9 Champions] VGC 2026 Reg M-A",
  "players": [
    "69ingIncineroar",
    "Pegassin"
  ],
  "log": "|j|\u260669ingIncineroar\n|j|\u203dPegassin\n|t:|1776115999\n|gametype|doubles\n|player|p1|69ingIncineroar|266|1062\n|player|p2|Pegassin|170|1118\n|gen|9\n|tier|[Gen 9 Champions] VGC 2026 Reg M-A\n|rated|\n|rule|Species Clause: Limit one of each Pok\u00e9mon\n|rule|Item Clause: Limit 1 of each item\n|clearpoke\n|poke|p1|Maushold-Four, L50|\n|poke|p1|Hawlucha, L50, M|\n|poke|p1|Lucario, L50, F|\n|poke|p1|Farigiraf, L50, F|\n|poke|p1|Sneasler, L50, M|\n|poke|p1|Camerupt, L50, F|\n|poke|p2|Delphox, L50, F|\n|poke|p2|Tyranitar, L50, M|\n|poke|p2|Garchomp, L50, F|\n|poke|p2|Aegislash, L50, F|\n|poke|p2|Meowscarada, L50, M|\n|poke|p2|Rotom-Wash, L50|\n|teampreview|4\n|inactive|Battle timer is ON: inactive players will automatically lose when time's up. (requested by 69ingIncineroar)\nPegassin rejected open team sheets.\n|inactive|Pegassin has 60 seconds left.\n|\n|t:|1776116033\n|teamsize|p1|4\n|teamsize|p2|4\n|start\n|switch|p1a: Hawlucha|Hawlucha, L50, M, shiny|100/100\n|switch|p1b: Maushold|Maushold-Four, L50|100/100\n|switch|p2a: Tyranitar|Tyranitar, L50, M|100/100\n|switch|p2b: Garchomp|Garchomp, L50, F|100/100\n|-weather|Sandstorm|[from] ability: Sand Stream|[of] p2a: Tyranitar\n|turn|1\n|\n|t:|1776116054\n|switch|p2a: Aegislash|Aegislash, L50, F|100/100\n|move|p1b: Maushold|Protect|p1b: Maushold\n|-singleturn|p1b: Maushold|Protect\n|move|p1a: Hawlucha|Coaching|p1b: Maushold\n|-boost|p1b: Maushold|atk|1\n|-boost|p1b: Maushold|def|1\n|move|p2b: Garchomp|Outrage|p1a: Hawlucha\n|-damage|p1a: Hawlucha|42/100\n|\n|-weather|Sandstorm|[upkeep]\n|-damage|p1a: Hawlucha|36/100|[from] Sandstorm\n|-damage|p1b: Maushold|94/100|[from] Sandstorm\n|upkeep\n|turn|2\n|\n|t:|1776116077\n|detailschange|p1a: Hawlucha|Hawlucha-Mega, L50, M, shiny\n|-mega|p1a: Hawlucha|Hawlucha|Hawluchanite\n|move|p2a: Aegislash|King's Shield|p2a: Aegislash\n|-singleturn|p2a: Aegislash|Protect\n|move|p1a: Hawlucha|Entrainment|p1b: Maushold\n|-ability|p1b: Maushold|No Guard|Friend Guard|[from] move: Entrainment|[of] p1a: Hawlucha\n|move|p1b: Maushold|Population Bomb|p2a: Aegislash\n|-activate|p2a: Aegislash|move: Protect\n|-unboost|p1b: Maushold|atk|1\n|move|p2b: Garchomp|Outrage|p1b: Maushold|[from] lockedmove\n|-damage|p1b: Maushold|26/100\n|\n|-weather|Sandstorm|[upkeep]\n|-damage|p1a: Hawlucha|30/100|[from] Sandstorm\n|-damage|p1b: Maushold|20/100|[from] Sandstorm\n|upkeep\n|turn|3\n|inactive|Pegassin has 30 seconds left.\n|\n|t:|1776116108\n|move|p1b: Maushold|Protect|p1b: Maushold\n|-singleturn|p1b: Maushold|Protect\n|-formechange|p2a: Aegislash|Aegislash-Blade|\n|move|p2a: Aegislash|Shadow Sneak|p1a: Hawlucha\n|-damage|p1a: Hawlucha|8/100\n|move|p1a: Hawlucha|Flying Press|p2a: Aegislash\n|-immune|p2a: Aegislash\n|move|p2b: Garchomp|Outrage|p1a: Hawlucha|[from] lockedmove\n|-damage|p1a: Hawlucha|0 fnt\n|faint|p1a: Hawlucha\n|-start|p2b: Garchomp|confusion|[fatigue]\n|\n|-weather|Sandstorm|[upkeep]\n|-damage|p1b: Maushold|14/100|[from] Sandstorm\n|upkeep\n|-message|69ingIncineroar forfeited.\n|\n|win|Pegassin\n|raw|69ingIncineroar's rating: 1062 &rarr; <strong>1046</strong><br />(-16 for losing)\n|raw|Pegassin's rating: 1118 &rarr; <strong>1139</strong><br />(+21 for winning)\n",
  "uploadtime": 1776116128,
  "views": 16,
  "formatid": "gen9championsvgc2026regma",
  "rating": 1046,
  "private": 0,
  "password": null
}