{
  "id": "gen9championsvgc2026regma-2587984565",
  "format": "[Gen 9 Champions] VGC 2026 Reg M-A",
  "players": [
    "SunTufo",
    "seattleseadrasfpl"
  ],
  "log": "|j|\u2606SunTufo\n|j|\u2606seattleseadrasfpl\n|t:|1776588744\n|gametype|doubles\n|player|p1|SunTufo|li|1259\n|player|p2|seattleseadrasfpl|fisherman-gen4|1341\n|gen|9\n|tier|[Gen 9 Champions] VGC 2026 Reg M-A\n|rated|\n|rule|Species Clause: Limit one of each Pok\u00e9mon\n|rule|Item Clause: Limit 1 of each item\n|clearpoke\n|poke|p1|Froslass, L50, F, shiny|\n|poke|p1|Milotic, L50, F, shiny|\n|poke|p1|Sneasler, L50, M, shiny|\n|poke|p1|Rotom-Frost, L50|\n|poke|p1|Goodra-Hisui, L50, M, shiny|\n|poke|p1|Incineroar, L50, M, shiny|\n|poke|p2|Aerodactyl, L50, M|\n|poke|p2|Kingambit, L50, M|\n|poke|p2|Maushold-Four, L50|\n|poke|p2|Sneasler, L50, F|\n|poke|p2|Floette-Eternal, L50, F|\n|poke|p2|Basculegion, L50, M|\n|teampreview|4\n|inactive|Battle timer is ON: inactive players will automatically lose when time's up. (requested by SunTufo)\n|\n|t:|1776588768\n|teamsize|p1|4\n|teamsize|p2|4\n|start\n|switch|p1a: Froslass|Froslass, L50, F, shiny|100/100\n|switch|p1b: Rotom|Rotom-Frost, L50|100/100\n|switch|p2a: Aerodactyl|Aerodactyl, L50, M|100/100\n|switch|p2b: Basculegion|Basculegion, L50, M|100/100\n|-ability|p2a: Aerodactyl|Unnerve\n|turn|1\n|\n|t:|1776588787\n|detailschange|p1a: Froslass|Froslass-Mega, L50, F, shiny\n|-mega|p1a: Froslass|Froslass|Froslassite\n|-weather|Snowscape|[from] ability: Snow Warning|[of] p1a: Froslass\n|move|p2b: Basculegion|Wave Crash|p1a: Froslass\n|-damage|p1a: Froslass|19/100\n|-damage|p2b: Basculegion|80/100|[from] Recoil\n|move|p1b: Rotom|Electroweb|p2b: Basculegion|[spread] p2a,p2b\n|-supereffective|p2a: Aerodactyl|1\n|-supereffective|p2b: Basculegion|1\n|-damage|p2a: Aerodactyl|39/100\n|-damage|p2b: Basculegion|30/100\n|-unboost|p2a: Aerodactyl|spe|1\n|-unboost|p2b: Basculegion|spe|1\n|move|p1a: Froslass|Blizzard|p2a: Aerodactyl|[spread] p2a,p2b\n|-supereffective|p2a: Aerodactyl|1\n|-resisted|p2b: Basculegion|1\n|-damage|p2a: Aerodactyl|0 fnt\n|-damage|p2b: Basculegion|5/100\n|-status|p2b: Basculegion|frz\n|faint|p2a: Aerodactyl\n|\n|-weather|Snowscape|[upkeep]\n|upkeep\n|\n|t:|1776588809\n|switch|p2a: Sneasler|Sneasler, L50, F|100/100\n|turn|2\n|\n|t:|1776588814\n|move|p1b: Rotom|Electroweb|p2b: Basculegion|[spread] p2a,p2b\n|-crit|p2a: Sneasler\n|-supereffective|p2b: Basculegion|1\n|-damage|p2a: Sneasler|58/100\n|-damage|p2b: Basculegion|0 fnt\n|-unboost|p2a: Sneasler|spe|1\n|faint|p2b: Basculegion\n|-enditem|p2a: Sneasler|White Herb\n|-clearnegativeboost|p2a: Sneasler|[silent]\n|move|p2a: Sneasler|Close Combat|p1b: Rotom\n|-supereffective|p1b: Rotom|1\n|-damage|p1b: Rotom|0 fnt\n|-unboost|p2a: Sneasler|def|1\n|-unboost|p2a: Sneasler|spd|1\n|faint|p1b: Rotom\n|move|p1a: Froslass|Aurora Veil|p1a: Froslass\n|-sidestart|p1: SunTufo|move: Aurora Veil\n|\n|-weather|Snowscape|[upkeep]\n|upkeep\n|\n|t:|1776588826\n|switch|p2b: Floette|Floette-Eternal, L50, F|100/100\n|switch|p1b: Sneasler|Sneasler, L50, M, shiny|100/100\n|turn|3\n|\n|t:|1776588831\n|detailschange|p2b: Floette|Floette-Mega, L50, F\n|-mega|p2b: Floette|Floette|Floettite\n|-ability|p2b: Floette|Fairy Aura\n|move|p2a: Sneasler|Protect|p2a: Sneasler\n|-singleturn|p2a: Sneasler|Protect\n|move|p2b: Floette|Protect|p2b: Floette\n|-singleturn|p2b: Floette|Protect\n|move|p1b: Sneasler|Dire Claw|p2b: Floette\n|-activate|p2b: Floette|move: Protect\n|move|p1a: Froslass|Blizzard|p2b: Floette|[spread] \n|-activate|p2a: Sneasler|move: Protect\n|-activate|p2b: Floette|move: Protect\n|\n|-weather|Snowscape|[upkeep]\n|upkeep\n|turn|4\n|\n|t:|1776588847\n|move|p2a: Sneasler|Dire Claw|p1b: Sneasler\n|-resisted|p1b: Sneasler|1\n|-damage|p1b: Sneasler|79/100\n|move|p1b: Sneasler|Dire Claw|p2b: Floette\n|-supereffective|p2b: Floette|1\n|-damage|p2b: Floette|10/100\n|move|p1a: Froslass|Blizzard|p2b: Floette|[spread] p2a,p2b\n|-damage|p2a: Sneasler|0 fnt\n|-damage|p2b: Floette|0 fnt\n|faint|p2a: Sneasler\n|faint|p2b: Floette\n|\n|win|SunTufo\n|raw|SunTufo's rating: 1281 &rarr; <strong>1310</strong><br />(+29 for winning)\n|raw|seattleseadrasfpl's rating: 1341 &rarr; <strong>1318</strong><br />(-23 for losing)\n|l|\u2606seattleseadrasfpl\n|player|p2|\n",
  "uploadtime": 1776588848,
  "views": 26,
  "formatid": "gen9championsvgc2026regma",
  "rating": 1310,
  "private": 0,
  "password": null
}