{
  "id": "gen9championsvgc2026regma-2585089396",
  "format": "[Gen 9 Champions] VGC 2026 Reg M-A",
  "players": [
    "nsbnsb",
    "Inciniroarrr"
  ],
  "log": "|j|\u2606nsbnsb\n|j|\u2606Inciniroarrr\n|t:|1776310605\n|gametype|doubles\n|player|p1|nsbnsb|ghetsis|1457\n|player|p2|Inciniroarrr|169|1497\n|gen|9\n|tier|[Gen 9 Champions] VGC 2026 Reg M-A\n|rated|\n|rule|Species Clause: Limit one of each Pok\u00e9mon\n|rule|Item Clause: Limit 1 of each item\n|clearpoke\n|poke|p1|Crabominable, L50, M|\n|poke|p1|Farigiraf, L50, M|\n|poke|p1|Kingambit, L50, M|\n|poke|p1|Sinistcha, L50|\n|poke|p1|Camerupt, L50, M|\n|poke|p1|Sneasler, L50, F|\n|poke|p2|Floette-Eternal, L50, F|\n|poke|p2|Kingambit, L50, M|\n|poke|p2|Maushold-Four, L50|\n|poke|p2|Basculegion, L50, M|\n|poke|p2|Pelipper, L50, M|\n|poke|p2|Archaludon, L50, F|\n|teampreview|4\n|inactive|Battle timer is ON: inactive players will automatically lose when time's up. (requested by nsbnsb)\n|inactive|Inciniroarrr also wants the timer to be on.\n|j| Meh Decisions\n|inactive|Inciniroarrr has 60 seconds left.\n|j| gamalvgc?\n|\n|t:|1776310646\n|teamsize|p1|4\n|teamsize|p2|4\n|start\n|switch|p1a: Sinistcha|Sinistcha, L50|100/100\n|switch|p1b: Sneasler|Sneasler, L50, F|100/100\n|switch|p2a: Floette|Floette-Eternal, L50, F|100/100\n|switch|p2b: Basculegion|Basculegion, L50, M|100/100\n|turn|1\n|\n|t:|1776310661\n|detailschange|p2a: Floette|Floette-Mega, L50, F\n|-mega|p2a: Floette|Floette|Floettite\n|-ability|p2a: Floette|Fairy Aura\n|move|p1b: Sneasler|Fake Out|p2a: Floette\n|-damage|p2a: Floette|88/100\n|move|p2b: Basculegion|Wave Crash|p1b: Sneasler\n|-crit|p1b: Sneasler\n|-damage|p1b: Sneasler|0 fnt\n|faint|p1b: Sneasler\n|-damage|p2b: Basculegion|74/100|[from] Recoil\n|cant|p2a: Floette|flinch\n|move|p1a: Sinistcha|Trick Room|p1a: Sinistcha\n|-fieldstart|move: Trick Room|[of] p1a: Sinistcha\n|\n|upkeep\n|\n|t:|1776310682\n|switch|p1b: Crabominable|Crabominable, L50, M|100/100\n|turn|2\n|j| cuervo297\n|\n|t:|1776310696\n|switch|p2b: Archaludon|Archaludon, L50, F|100/100\n|detailschange|p1b: Crabominable|Crabominable-Mega, L50, M\n|-mega|p1b: Crabominable|Crabominable|Crabominite\n|move|p1b: Crabominable|Ice Hammer|p2a: Floette\n|-damage|p2a: Floette|14/100\n|-unboost|p1b: Crabominable|spe|1\n|move|p1a: Sinistcha|Matcha Gotcha|p2a: Floette|[spread] p2a,p2b\n|-resisted|p2b: Archaludon|2\n|-damage|p2a: Floette|0 fnt\n|-damage|p2b: Archaludon|90/100\n|faint|p2a: Floette\n|\n|upkeep\n|\n|t:|1776310709\n|switch|p2a: Pelipper|Pelipper, L50, M|100/100\n|-weather|RainDance|[from] ability: Drizzle|[of] p2a: Pelipper\n|turn|3\n|j| CARtu348rjf90\n|\n|t:|1776310723\n|move|p2a: Pelipper|Protect|p2a: Pelipper\n|-singleturn|p2a: Pelipper|Protect\n|move|p2b: Archaludon|Protect|p2b: Archaludon\n|-singleturn|p2b: Archaludon|Protect\n|move|p1b: Crabominable|Thunder Punch|p2a: Pelipper\n|-activate|p2a: Pelipper|move: Protect\n|move|p1a: Sinistcha|Shadow Ball|p2b: Archaludon\n|-activate|p2b: Archaludon|move: Protect\n|\n|-weather|RainDance|[upkeep]\n|upkeep\n|turn|4\n|inactive|Inciniroarrr has 30 seconds left.\n|\n|t:|1776310749\n|move|p1b: Crabominable|Thunder Punch|p2a: Pelipper\n|-supereffective|p2a: Pelipper|2\n|-enditem|p2a: Pelipper|Focus Sash\n|-damage|p2a: Pelipper|1/100\n|move|p1a: Sinistcha|Shadow Ball|p2a: Pelipper\n|-damage|p2a: Pelipper|0 fnt\n|faint|p2a: Pelipper\n|move|p2b: Archaludon|Electro Shot||[still]\n|-prepare|p2b: Archaludon|Electro Shot\n|-boost|p2b: Archaludon|spa|1\n|-anim|p2b: Archaludon|Electro Shot|p1a: Sinistcha\n|-resisted|p1a: Sinistcha|1\n|-damage|p1a: Sinistcha|59/100\n|\n|-weather|RainDance|[upkeep]\n|upkeep\n|-message|Inciniroarrr forfeited.\n|\n|win|nsbnsb\n|raw|nsbnsb's rating: 1480 &rarr; <strong>1501</strong><br />(+21 for winning)\n|raw|Inciniroarrr's rating: 1497 &rarr; <strong>1476</strong><br />(-21 for losing)\n|l|\u2606Inciniroarrr\n|player|p2|\n|l|\u2606nsbnsb\n|player|p1|\n|l| cuervo297\n|l| gamalvgc?\n",
  "uploadtime": 1776310846,
  "views": 43,
  "formatid": "gen9championsvgc2026regma",
  "rating": 1476,
  "private": 0,
  "password": null
}