{
  "id": "gen9championsvgc2026regma-2586906322",
  "format": "[Gen 9 Champions] VGC 2026 Reg M-A",
  "players": [
    "Ranok",
    "NathanaelW19"
  ],
  "log": "|j|\u2606Ranok\n|j|\u2606NathanaelW19\n|t:|1776470539\n|gametype|doubles\n|player|p1|Ranok|n|1174\n|player|p2|NathanaelW19|dragontamer|1121\n|gen|9\n|tier|[Gen 9 Champions] VGC 2026 Reg M-A\n|rated|\n|rule|Species Clause: Limit one of each Pok\u00e9mon\n|rule|Item Clause: Limit 1 of each item\n|clearpoke\n|poke|p1|Froslass, L50, F|\n|poke|p1|Floette-Eternal, L50, F|\n|poke|p1|Garchomp, L50, M|\n|poke|p1|Sneasler, L50, M|\n|poke|p1|Rotom-Wash, L50|\n|poke|p1|Kingambit, L50, M|\n|poke|p2|Medicham, L50, M|\n|poke|p2|Banette, L50, F|\n|poke|p2|Froslass, L50, F|\n|poke|p2|Arcanine-Hisui, L50, M|\n|poke|p2|Kommo-o, L50, M|\n|poke|p2|Corviknight, L50, M|\n|teampreview|4\n|inactive|Battle timer is ON: inactive players will automatically lose when time's up. (requested by NathanaelW19)\n|inactive|Ranok has 60 seconds left.\n|inactive|NathanaelW19 has 60 seconds left.\n|\n|t:|1776470572\n|teamsize|p1|4\n|teamsize|p2|4\n|start\n|switch|p1a: AZ|Floette-Eternal, L50, F|100/100\n|switch|p1b: OverlorD|Kingambit, L50, M, shiny|100/100\n|switch|p2a: Medicham|Medicham, L50, M, shiny|100/100\n|switch|p2b: Banette|Banette, L50, F, shiny|100/100\n|-item|p1a: AZ|Floettite|[from] ability: Frisk|[of] p2b: Banette\n|-item|p1b: OverlorD|Black Glasses|[from] ability: Frisk|[of] p2b: Banette\n|turn|1\n|inactive|Ranok has 30 seconds left.\n|inactive|Ranok has 20 seconds left.\n|inactive|Ranok has 15 seconds left.\n|\n|t:|1776470617\n|detailschange|p1a: AZ|Floette-Mega, L50, F\n|-mega|p1a: AZ|Floette|Floettite\n|-ability|p1a: AZ|Fairy Aura\n|detailschange|p2b: Banette|Banette-Mega, L50, F, shiny\n|-mega|p2b: Banette|Banette|Banettite\n|move|p2b: Banette|Skill Swap|p2a: Medicham\n|-activate|p2b: Banette|Skill Swap|||[of] p2a: Medicham\n|move|p1b: OverlorD|Sucker Punch||[still]\n|-fail|p1b: OverlorD\n|move|p1a: AZ|Moonblast|p2a: Medicham\n|-supereffective|p2a: Medicham|1\n|-enditem|p2a: Medicham|Focus Sash\n|-damage|p2a: Medicham|1/100\n|move|p2a: Medicham|Close Combat|p1b: OverlorD\n|-supereffective|p1b: OverlorD|2\n|-damage|p1b: OverlorD|0 fnt\n|-unboost|p2a: Medicham|def|1\n|-unboost|p2a: Medicham|spd|1\n|faint|p1b: OverlorD\n|\n|upkeep\n|\n|t:|1776470636\n|switch|p1b: Afroslass|Froslass, L50, F|100/100\n|turn|2\n|\n|t:|1776470651\n|move|p2a: Medicham|Coaching|p2b: Banette\n|-boost|p2b: Banette|atk|1\n|-boost|p2b: Banette|def|1\n|move|p2b: Banette|Shadow Sneak|p1a: AZ\n|-damage|p1a: AZ|0 fnt\n|faint|p1a: AZ\n|move|p1b: Afroslass|Blizzard|p2a: Medicham|[spread] p2a,p2b\n|-damage|p2a: Medicham|0 fnt\n|-damage|p2b: Banette|59/100\n|faint|p2a: Medicham\n|\n|upkeep\n|-message|Ranok forfeited.\n|\n|win|NathanaelW19\n|raw|Ranok's rating: 1174 &rarr; <strong>1145</strong><br />(-29 for losing)\n|raw|NathanaelW19's rating: 1121 &rarr; <strong>1150</strong><br />(+29 for winning)\n|l|\u2606Ranok\n|player|p1|\n",
  "uploadtime": 1776470667,
  "views": 23,
  "formatid": "gen9championsvgc2026regma",
  "rating": 1145,
  "private": 0,
  "password": null
}