{
  "id": "gen9championsvgc2026regma-2585389720",
  "format": "[Gen 9 Champions] VGC 2026 Reg M-A",
  "players": [
    "higorbarros",
    "Jigawoho"
  ],
  "log": "|j|\u2606higorbarros\n|j|\u2606Jigawoho\n|t:|1776343688\n|gametype|doubles\n|player|p1|higorbarros|169|1063\n|player|p2|Jigawoho|2|1084\n|gen|9\n|tier|[Gen 9 Champions] VGC 2026 Reg M-A\n|rated|\n|rule|Species Clause: Limit one of each Pok\u00e9mon\n|rule|Item Clause: Limit 1 of each item\n|clearpoke\n|poke|p1|Gengar, L50, M|\n|poke|p1|Incineroar, L50, M|\n|poke|p1|Garchomp, L50, M|\n|poke|p1|Rotom-Wash, L50|\n|poke|p1|Scizor, L50, M|\n|poke|p1|Dragonite, L50, F|\n|poke|p2|Aggron, L50, M|\n|poke|p2|Sinistcha, L50|\n|poke|p2|Incineroar, L50, M|\n|poke|p2|Pelipper, L50, F|\n|poke|p2|Conkeldurr, L50, F|\n|poke|p2|Kangaskhan, L50, F|\n|teampreview|4\n|\n|t:|1776343721\n|teamsize|p1|4\n|teamsize|p2|4\n|start\n|switch|p1a: Garchomp|Garchomp, L50, M|100/100\n|switch|p1b: Rotom|Rotom-Wash, L50|100/100\n|switch|p2a: Aggron|Aggron, L50, M, shiny|100/100\n|switch|p2b: Incineroar|Incineroar, L50, M|100/100\n|-ability|p2b: Incineroar|Intimidate|boost\n|-unboost|p1a: Garchomp|atk|1\n|-unboost|p1b: Rotom|atk|1\n|turn|1\n|\n|t:|1776343731\n|move|p2b: Incineroar|Fake Out|p1a: Garchomp\n|-damage|p1a: Garchomp|86/100\n|-damage|p2b: Incineroar|88/100|[from] ability: Rough Skin|[of] p1a: Garchomp\n|cant|p1a: Garchomp|flinch\n|move|p1b: Rotom|Hydro Pump|p2b: Incineroar\n|-supereffective|p2b: Incineroar|1\n|-damage|p2b: Incineroar|29/100\n|move|p2a: Aggron|Iron Defense|p2a: Aggron\n|-boost|p2a: Aggron|def|2\n|\n|upkeep\n|turn|2\n|\n|t:|1776343766\n|switch|p2b: Pelipper|Pelipper, L50, F|100/100\n|-weather|RainDance|[from] ability: Drizzle|[of] p2b: Pelipper\n|detailschange|p2a: Aggron|Aggron-Mega, L50, M, shiny\n|-mega|p2a: Aggron|Aggron|Aggronite\n|move|p1a: Garchomp|Earthquake|p2a: Aggron|[spread] p2a\n|-immune|p1b: Rotom|[from] ability: Levitate\n|-immune|p2b: Pelipper\n|-supereffective|p2a: Aggron|1\n|-crit|p2a: Aggron\n|-damage|p2a: Aggron|67/100\n|move|p1b: Rotom|Hydro Pump|p2a: Aggron\n|-damage|p2a: Aggron|0 fnt\n|faint|p2a: Aggron\n|\n|-weather|RainDance|[upkeep]\n|upkeep\n|-message|Jigawoho forfeited.\n|\n|win|higorbarros\n|raw|higorbarros's rating: 1063 &rarr; <strong>1095</strong><br />(+32 for winning)\n|raw|Jigawoho's rating: 1084 &rarr; <strong>1060</strong><br />(-24 for losing)\n|l|\u2606Jigawoho\n|player|p2|\n",
  "uploadtime": 1776343785,
  "views": 22,
  "formatid": "gen9championsvgc2026regma",
  "rating": 1060,
  "private": 0,
  "password": null
}