{
  "id": "gen9championsvgc2026regma-2585738489",
  "format": "[Gen 9 Champions] VGC 2026 Reg M-A",
  "players": [
    "Seismitoad dynasty",
    "RagingBerserker1"
  ],
  "log": "|j|\u2606Seismitoad dynasty\n|j|\u2606RagingBerserker1\n|t:|1776367193\n|gametype|doubles\n|player|p1|Seismitoad dynasty|li|1179\n|player|p2|RagingBerserker1|102|1242\n|gen|9\n|tier|[Gen 9 Champions] VGC 2026 Reg M-A\n|rated|\n|rule|Species Clause: Limit one of each Pok\u00e9mon\n|rule|Item Clause: Limit 1 of each item\n|clearpoke\n|poke|p1|Gengar, L50, F|\n|poke|p1|Mr. Rime, L50, F|\n|poke|p1|Incineroar, L50, F|\n|poke|p1|Blastoise, L50, F|\n|poke|p1|Ninetales-Alola, L50, M|\n|poke|p1|Kommo-o, L50, M|\n|poke|p2|Camerupt, L50, M|\n|poke|p2|Oranguru, L50, F|\n|poke|p2|Bastiodon, L50, M|\n|poke|p2|Corviknight, L50, F|\n|poke|p2|Ampharos, L50, F|\n|poke|p2|Pangoro, L50, F|\n|teampreview|4\n|inactive|Battle timer is ON: inactive players will automatically lose when time's up. (requested by RagingBerserker1)\nRagingBerserker1 rejected open team sheets.\n|inactive|Seismitoad dynasty has 60 seconds left.\n|\n|t:|1776367230\n|teamsize|p1|4\n|teamsize|p2|4\n|start\n|switch|p1a: Gengar|Gengar, L50, F, shiny|100/100\n|switch|p1b: Blastoise|Blastoise, L50, F, shiny|100/100\n|switch|p2a: Oranguru|Oranguru, L50, F|100/100\n|switch|p2b: Corviknight|Corviknight, L50, F|100/100\n|turn|1\n|inactive|RagingBerserker1 has 30 seconds left.\n|\n|t:|1776367256\n|detailschange|p1a: Gengar|Gengar-Mega, L50, F, shiny\n|-mega|p1a: Gengar|Gengar|Gengarite\n|move|p1b: Blastoise|Fake Out|p2a: Oranguru\n|-damage|p2a: Oranguru|92/100\n|move|p1a: Gengar|Perish Song|p1a: Gengar\n|-start|p1a: Gengar|perish3|[silent]\n|-start|p1b: Blastoise|perish3|[silent]\n|-start|p2a: Oranguru|perish3|[silent]\n|-start|p2b: Corviknight|perish3|[silent]\n|-fieldactivate|move: Perish Song\n|move|p2b: Corviknight|U-turn|p1b: Blastoise\n|-damage|p1b: Blastoise|84/100\n|\n|t:|1776367263\n|switch|p2b: Camerupt|Camerupt, L50, M|100/100|[from] U-turn\n|move|p2a: Oranguru|Trick Room|p2a: Oranguru\n|-fieldstart|move: Trick Room|[of] p2a: Oranguru\n|\n|-heal|p1b: Blastoise|90/100|[from] item: Leftovers\n|-start|p2a: Oranguru|perish3\n|-start|p1b: Blastoise|perish3\n|-start|p1a: Gengar|perish3\n|upkeep\n|turn|2\n|\n|t:|1776367282\n|detailschange|p2b: Camerupt|Camerupt-Mega, L50, M\n|-mega|p2b: Camerupt|Camerupt|Cameruptite\n|move|p1a: Gengar|Protect|p1a: Gengar\n|-singleturn|p1a: Gengar|Protect\n|move|p2b: Camerupt|Earth Power|p1b: Blastoise\n|-damage|p1b: Blastoise|31/100\n|move|p2a: Oranguru|Instruct|p2b: Camerupt\n|-singleturn|p2b: Camerupt|move: Instruct|[of] p2a: Oranguru\n|move|p2b: Camerupt|Earth Power|p1b: Blastoise\n|-damage|p1b: Blastoise|0 fnt\n|faint|p1b: Blastoise\n|\n|-start|p2a: Oranguru|perish2\n|-start|p1a: Gengar|perish2\n|upkeep\n|\n|t:|1776367295\n|switch|p1b: Ninetales|Ninetales-Alola, L50, M, shiny|100/100\n|-weather|Snowscape|[from] ability: Snow Warning|[of] p1b: Ninetales\n|turn|3\n|\n|t:|1776367306\n|move|p2b: Camerupt|Eruption|p1b: Ninetales|[spread] p1a,p1b\n|-supereffective|p1b: Ninetales|1\n|-enditem|p1b: Ninetales|Occa Berry|[eat]\n|-enditem|p1b: Ninetales|Occa Berry|[weaken]\n|-damage|p1a: Gengar|19/100\n|-damage|p1b: Ninetales|33/100\n|move|p2a: Oranguru|Instruct|p2b: Camerupt\n|-singleturn|p2b: Camerupt|move: Instruct|[of] p2a: Oranguru\n|move|p2b: Camerupt|Eruption|p1a: Gengar|[spread] p1a,p1b\n|-supereffective|p1b: Ninetales|1\n|-damage|p1a: Gengar|0 fnt\n|-damage|p1b: Ninetales|0 fnt\n|faint|p1a: Gengar\n|faint|p1b: Ninetales\n|\n|-weather|Snowscape|[upkeep]\n|-start|p2a: Oranguru|perish1\n|upkeep\n|-message|Seismitoad dynasty forfeited.\n|\n|win|RagingBerserker1\n|raw|Seismitoad dynasty's rating: 1179 &rarr; <strong>1158</strong><br />(-21 for losing)\n|raw|RagingBerserker1's rating: 1242 &rarr; <strong>1263</strong><br />(+21 for winning)\n|l|\u2606Seismitoad dynasty\n|player|p1|\n",
  "uploadtime": 1776367323,
  "views": 23,
  "formatid": "gen9championsvgc2026regma",
  "rating": 1158,
  "private": 0,
  "password": null
}