{
  "id": "gen9championsvgc2026regma-2586089376",
  "format": "[Gen 9 Champions] VGC 2026 Reg M-A",
  "players": [
    "massivity",
    "Phillip Blevin"
  ],
  "log": "|j|\u2606massivity\n|j|\u2606Phillip Blevin\n|t:|1776397797\n|gametype|doubles\n|player|p1|massivity|biker-gen4|1281\n|player|p2|Phillip Blevin|cynthia-masters4|1367\n|gen|9\n|tier|[Gen 9 Champions] VGC 2026 Reg M-A\n|rated|\n|rule|Species Clause: Limit one of each Pok\u00e9mon\n|rule|Item Clause: Limit 1 of each item\n|clearpoke\n|poke|p1|Meowscarada, L50, F|\n|poke|p1|Dragapult, L50, M|\n|poke|p1|Incineroar, L50, M|\n|poke|p1|Kangaskhan, L50, F|\n|poke|p1|Goodra-Hisui, L50, M|\n|poke|p1|Dragonite, L50, F|\n|poke|p2|Froslass, L50, F|\n|poke|p2|Corviknight, L50, F|\n|poke|p2|Meowscarada, L50, M|\n|poke|p2|Manectric, L50, M|\n|poke|p2|Incineroar, L50, M|\n|poke|p2|Sneasler, L50, M|\n|teampreview|4\n|inactive|Battle timer is ON: inactive players will automatically lose when time's up. (requested by Phillip Blevin)\nPhillip Blevin has agreed to open team sheets.\n|inactive|massivity has 60 seconds left.\n|\n|t:|1776397839\n|teamsize|p1|4\n|teamsize|p2|4\n|start\n|switch|p1a: Kangaskhan|Kangaskhan, L50, F|100/100\n|switch|p1b: Dragonite|Dragonite, L50, F|100/100\n|switch|p2a: Corviknight|Corviknight, L50, F|100/100\n|switch|p2b: Meowscarada|Meowscarada, L50, M|100/100\n|turn|1\n|\n|t:|1776397848\n|move|p1a: Kangaskhan|Fake Out|p2b: Meowscarada\n|-damage|p2b: Meowscarada|69/100\n|cant|p2b: Meowscarada|flinch\n|move|p1b: Dragonite|Tailwind|p1b: Dragonite\n|-sidestart|p1: massivity|move: Tailwind\n|move|p2a: Corviknight|Bulk Up|p2a: Corviknight\n|-boost|p2a: Corviknight|atk|1\n|-boost|p2a: Corviknight|def|1\n|\n|upkeep\n|turn|2\n|\n|t:|1776397864\n|detailschange|p1a: Kangaskhan|Kangaskhan-Mega, L50, F\n|-mega|p1a: Kangaskhan|Kangaskhan|Kangaskhanite\n|move|p1a: Kangaskhan|Double-Edge|p2b: Meowscarada\n|-damage|p2b: Meowscarada|0 fnt\n|faint|p2b: Meowscarada\n|-hitcount|p2: Meowscarada|1\n|-damage|p1a: Kangaskhan|81/100|[from] Recoil\n|move|p1b: Dragonite|Rock Slide|p2a: Corviknight\n|-damage|p2a: Corviknight|90/100\n|cant|p2a: Corviknight|flinch\n|\n|-heal|p2a: Corviknight|96/100|[from] item: Leftovers\n|upkeep\n|\n|t:|1776397870\n|switch|p2b: Incineroar|Incineroar, L50, M|100/100\n|turn|3\n|\n|t:|1776397894\n|switch|p1a: Incineroar|Incineroar, L50, M|100/100\n|-ability|p1a: Incineroar|Intimidate|boost\n|-ability|p2a: Corviknight|Mirror Armor\n|-unboost|p1a: Incineroar|atk|1\n|-unboost|p2b: Incineroar|atk|1\n|move|p2b: Incineroar|Fake Out|p1b: Dragonite\n|-damage|p1b: Dragonite|94/100\n|move|p1b: Dragonite|Rock Slide|p2b: Incineroar|[spread] p2a,p2b\n|-supereffective|p2b: Incineroar|1\n|-damage|p2a: Corviknight|87/100\n|-damage|p2b: Incineroar|62/100\n|move|p2a: Corviknight|Body Press|p1a: Incineroar\n|-supereffective|p1a: Incineroar|1\n|-damage|p1a: Incineroar|30/100\n|-enditem|p1a: Incineroar|Sitrus Berry|[eat]\n|-heal|p1a: Incineroar|55/100|[from] item: Sitrus Berry\n|\n|-heal|p2a: Corviknight|93/100|[from] item: Leftovers\n|upkeep\n|turn|4\n|\n|t:|1776397909\n|move|p1b: Dragonite|Stomping Tantrum|p2b: Incineroar\n|-supereffective|p2b: Incineroar|1\n|-damage|p2b: Incineroar|0 fnt\n|faint|p2b: Incineroar\n|move|p1a: Incineroar|Flare Blitz|p2a: Corviknight\n|-supereffective|p2a: Corviknight|1\n|-crit|p2a: Corviknight\n|-damage|p2a: Corviknight|0 fnt\n|faint|p2a: Corviknight\n|-damage|p1a: Incineroar|24/100|[from] Recoil\n|\n|-sideend|p1: massivity|move: Tailwind\n|upkeep\n|-message|Phillip Blevin forfeited.\n|\n|win|massivity\n|raw|massivity's rating: 1281 &rarr; <strong>1312</strong><br />(+31 for winning)\n|raw|Phillip Blevin's rating: 1367 &rarr; <strong>1342</strong><br />(-25 for losing)\n",
  "uploadtime": 1776397918,
  "views": 46,
  "formatid": "gen9championsvgc2026regma",
  "rating": 1312,
  "private": 0,
  "password": null
}