{
  "id": "gen9championsvgc2026regma-2584403935",
  "format": "[Gen 9 Champions] VGC 2026 Reg M-A",
  "players": [
    "Noobilio",
    "rhan2687"
  ],
  "log": "|j|\u2606Noobilio\n|j|\u2606rhan2687\n|t:|1776258396\n|gametype|doubles\n|player|p1|Noobilio|nurse|1339\n|player|p2|rhan2687|265|1414\n|gen|9\n|tier|[Gen 9 Champions] VGC 2026 Reg M-A\n|rated|\n|rule|Species Clause: Limit one of each Pok\u00e9mon\n|rule|Item Clause: Limit 1 of each item\n|clearpoke\n|poke|p1|Hawlucha, L50, F|\n|poke|p1|Floette-Eternal, L50, F|\n|poke|p1|Incineroar, L50, F|\n|poke|p1|Sinistcha, L50|\n|poke|p1|Snorlax, L50, F|\n|poke|p1|Rotom-Wash, L50|\n|poke|p2|Milotic, L50, F|\n|poke|p2|Aerodactyl, L50, F|\n|poke|p2|Scovillain, L50, M|\n|poke|p2|Sneasler, L50, F|\n|poke|p2|Vanilluxe, L50, M|\n|poke|p2|Kingambit, L50, F|\n|teampreview|4\n|\n|t:|1776258426\n|teamsize|p1|4\n|teamsize|p2|4\n|start\n|switch|p1a: Hawlucha|Hawlucha, L50, F, shiny|100/100\n|switch|p1b: Snorlax|Snorlax, L50, F, shiny|100/100\n|switch|p2a: Milotic|Milotic, L50, F, shiny|100/100\n|switch|p2b: Aerodactyl|Aerodactyl, L50, F|100/100\n|-ability|p2b: Aerodactyl|Unnerve\n|-ability|p1a: Hawlucha|Mold Breaker\n|turn|1\n|\n|t:|1776258442\n|detailschange|p1a: Hawlucha|Hawlucha-Mega, L50, F, shiny\n|-mega|p1a: Hawlucha|Hawlucha|Hawluchanite\n|move|p2b: Aerodactyl|Dual Wingbeat|p1a: Hawlucha\n|-supereffective|p1a: Hawlucha|1\n|-damage|p1a: Hawlucha|62/100\n|-supereffective|p1a: Hawlucha|1\n|-damage|p1a: Hawlucha|24/100\n|-hitcount|p1a: Hawlucha|2\n|move|p1a: Hawlucha|Entrainment|p1b: Snorlax\n|-ability|p1b: Snorlax|No Guard|Thick Fat|[from] move: Entrainment|[of] p1a: Hawlucha\n|move|p2a: Milotic|Coil|p2a: Milotic\n|-boost|p2a: Milotic|atk|1\n|-boost|p2a: Milotic|def|1\n|-boost|p2a: Milotic|accuracy|1\n|move|p1b: Snorlax|Fissure|p2a: Milotic\n|-damage|p2a: Milotic|0 fnt\n|faint|p2a: Milotic\n|-ohko\n|\n|upkeep\n|\n|t:|1776258467\n|switch|p2a: Scovillain|Scovillain, L50, M|100/100\n|turn|2\n|\n|t:|1776258474\n|move|p2a: Scovillain|Protect|p2a: Scovillain\n|-singleturn|p2a: Scovillain|Protect\n|move|p2b: Aerodactyl|Rock Slide|p1b: Snorlax|[spread] p1a,p1b\n|-damage|p1a: Hawlucha|0 fnt\n|-damage|p1b: Snorlax|83/100\n|faint|p1a: Hawlucha\n|move|p1b: Snorlax|Yawn|p2b: Aerodactyl\n|-start|p2b: Aerodactyl|move: Yawn|[of] p1b: Snorlax\n|\n|-heal|p1b: Snorlax|89/100|[from] item: Leftovers\n|-ability|p2a: Scovillain|Moody|boost\n|-boost|p2a: Scovillain|atk|2\n|-unboost|p2a: Scovillain|def|1\n|upkeep\n|\n|t:|1776258494\n|switch|p1a: Sinistcha|Sinistcha, L50|100/100\n|-heal|p1b: Snorlax|100/100|[from] ability: Hospitality|[of] p1a: Sinistcha\n|turn|3\n|\n|t:|1776258512\n|switch|p2b: Vanilluxe|Vanilluxe, L50, M|100/100\n|-weather|Snowscape|[from] ability: Snow Warning|[of] p2b: Vanilluxe\n|switch|p1a: Rotom|Rotom-Wash, L50, shiny|100/100\n|detailschange|p2a: Scovillain|Scovillain-Mega, L50, M\n|-mega|p2a: Scovillain|Scovillain|Scovillainite\n|move|p2a: Scovillain|Flamethrower|p1a: Rotom\n|-resisted|p1a: Rotom|1\n|-damage|p1a: Rotom|74/100\n|move|p1b: Snorlax|Fissure|p2a: Scovillain\n|-damage|p2a: Scovillain|0 fnt\n|-status|p1b: Snorlax|brn|[from] ability: Spicy Spray|[of] p2a: Scovillain\n|faint|p2a: Scovillain\n|-ohko\n|\n|-weather|Snowscape|[upkeep]\n|-damage|p1b: Snorlax|94/100 brn|[from] brn\n|upkeep\n|-message|rhan2687 forfeited.\n|\n|win|Noobilio\n|raw|Noobilio's rating: 1339 &rarr; <strong>1363</strong><br />(+24 for winning)\n|raw|rhan2687's rating: 1414 &rarr; <strong>1390</strong><br />(-24 for losing)\n|l|\u2606rhan2687\n|player|p2|\n",
  "uploadtime": 1776258532,
  "views": 48,
  "formatid": "gen9championsvgc2026regma",
  "rating": 1363,
  "private": 0,
  "password": null
}