{
  "id": "gen9championsvgc2026regma-2584113570",
  "format": "[Gen 9 Champions] VGC 2026 Reg M-A",
  "players": [
    "Junebee93",
    "ioioheio"
  ],
  "log": "|j|\u2606Junebee93\n|j|\u2606ioioheio\n|t:|1776226602\n|gametype|doubles\n|player|p1|Junebee93|266|1047\n|player|p2|ioioheio|unknown|1046\n|gen|9\n|tier|[Gen 9 Champions] VGC 2026 Reg M-A\n|rated|\n|rule|Species Clause: Limit one of each Pok\u00e9mon\n|rule|Item Clause: Limit 1 of each item\n|clearpoke\n|poke|p1|Meganium, L50, F|\n|poke|p1|Aerodactyl, L50, F|\n|poke|p1|Archaludon, L50, F|\n|poke|p1|Tauros-Paldea-Aqua, L50, M|\n|poke|p1|Typhlosion-Hisui, L50, M|\n|poke|p1|Kangaskhan, L50, F|\n|poke|p2|Starmie, L50|\n|poke|p2|Dragonite, L50, M|\n|poke|p2|Arcanine-Hisui, L50, F|\n|poke|p2|Floette-Eternal, L50, F|\n|poke|p2|Tyranitar, L50, F|\n|poke|p2|Whimsicott, L50, M|\n|teampreview|4\n|inactive|Battle timer is ON: inactive players will automatically lose when time's up. (requested by Junebee93)\n|inactive|Junebee93 has 60 seconds left.\n|\n|t:|1776226638\n|teamsize|p1|4\n|teamsize|p2|4\n|start\n|switch|p1a: Tauros|Tauros-Paldea-Aqua, L50, M|100/100\n|switch|p1b: Typhlosion|Typhlosion-Hisui, L50, M|100/100\n|switch|p2a: Starmie|Starmie, L50|100/100\n|switch|p2b: Dragonite|Dragonite, L50, M|100/100\n|-ability|p1a: Tauros|Intimidate|boost\n|-unboost|p2a: Starmie|atk|1\n|-fail|p2b: Dragonite|unboost|Attack|[from] ability: Inner Focus|[of] p2b: Dragonite\n|turn|1\n|\n|t:|1776226657\n|switch|p1b: Meganium|Meganium, L50, F|100/100\n|detailschange|p2a: Starmie|Starmie-Mega, L50\n|-mega|p2a: Starmie|Starmie|Starminite\n|move|p2a: Starmie|Skill Swap|p2b: Dragonite\n|-activate|p2a: Starmie|Skill Swap|||[of] p2b: Dragonite\n|move|p1a: Tauros|Wave Crash|p2a: Starmie\n|-resisted|p2a: Starmie|1\n|-damage|p2a: Starmie|71/100\n|-damage|p1a: Tauros|91/100|[from] Recoil\n|move|p2b: Dragonite|Rock Slide|p1b: Meganium|[spread] p1a,p1b\n|-resisted|p1a: Tauros|1\n|-damage|p1a: Tauros|68/100\n|-damage|p1b: Meganium|51/100\n|\n|upkeep\n|turn|2\n|\n|t:|1776226678\n|switch|p1a: Typhlosion|Typhlosion-Hisui, L50, M|100/100\n|detailschange|p1b: Meganium|Meganium-Mega, L50, F\n|-mega|p1b: Meganium|Meganium|Meganiumite\n|move|p2a: Starmie|Ice Spinner|p1b: Meganium\n|-supereffective|p1b: Meganium|1\n|-damage|p1b: Meganium|16/100\n|move|p2b: Dragonite|Rock Slide|p1a: Typhlosion|[spread] p1a,p1b\n|-supereffective|p1a: Typhlosion|1\n|-damage|p1a: Typhlosion|0 fnt\n|-damage|p1b: Meganium|0 fnt\n|faint|p1a: Typhlosion\n|faint|p1b: Meganium\n|\n|upkeep\n|-message|Junebee93 forfeited.\n|\n|win|ioioheio\n|raw|Junebee93's rating: 1047 &rarr; <strong>1030</strong><br />(-17 for losing)\n|raw|ioioheio's rating: 1046 &rarr; <strong>1079</strong><br />(+33 for winning)\n|l|\u2606Junebee93\n|player|p1|\n",
  "uploadtime": 1776226692,
  "views": 16,
  "formatid": "gen9championsvgc2026regma",
  "rating": 1030,
  "private": 0,
  "password": null
}