{
  "id": "gen9championsvgc2026regma-2588957719",
  "format": "[Gen 9 Champions] VGC 2026 Reg M-A",
  "players": [
    "SimMikaze",
    "ghostyq8"
  ],
  "log": "|j|\u2606SimMikaze\n|j|\u2606ghostyq8\n|t:|1776689430\n|gametype|doubles\n|player|p1|SimMikaze|miku-ghost|1346\n|player|p2|ghostyq8|265|1362\n|gen|9\n|tier|[Gen 9 Champions] VGC 2026 Reg M-A\n|rated|\n|rule|Species Clause: Limit one of each Pok\u00e9mon\n|rule|Item Clause: Limit 1 of each item\n|clearpoke\n|poke|p1|Floette-Eternal, L50, F|\n|poke|p1|Garchomp, L50, F|\n|poke|p1|Incineroar, L50, M, shiny|\n|poke|p1|Sneasler, L50, F|\n|poke|p1|Sinistcha, L50, shiny|\n|poke|p1|Whimsicott, L50, F|\n|poke|p2|Farigiraf, L50, F|\n|poke|p2|Blastoise, L50, M|\n|poke|p2|Kingambit, L50, F|\n|poke|p2|Sinistcha, L50|\n|poke|p2|Kangaskhan, L50, F|\n|poke|p2|Aerodactyl, L50, M|\n|teampreview|4\n|inactive|Battle timer is ON: inactive players will automatically lose when time's up. (requested by ghostyq8)\n|inactive|SimMikaze has 60 seconds left.\n|\n|t:|1776689482\n|teamsize|p1|4\n|teamsize|p2|4\n|start\n|switch|p1a: Floette|Floette-Eternal, L50, F|100/100\n|switch|p1b: Sinistcha|Sinistcha, L50, shiny|100/100\n|switch|p2a: Farigiraf|Farigiraf, L50, F|100/100\n|switch|p2b: Kingambit|Kingambit, L50, F|100/100\n|turn|1\n|inactive|ghostyq8 has 30 seconds left.\n|\n|t:|1776689512\n|detailschange|p1a: Floette|Floette-Mega, L50, F\n|-mega|p1a: Floette|Floette|Floettite\n|-ability|p1a: Floette|Fairy Aura\n|move|p1a: Floette|Calm Mind|p1a: Floette\n|-boost|p1a: Floette|spa|1\n|-boost|p1a: Floette|spd|1\n|move|p2b: Kingambit|Kowtow Cleave|p1b: Sinistcha\n|-supereffective|p1b: Sinistcha|1\n|-damage|p1b: Sinistcha|8/100\n|-enditem|p1b: Sinistcha|Sitrus Berry|[eat]\n|-heal|p1b: Sinistcha|33/100|[from] item: Sitrus Berry\n|move|p1b: Sinistcha|Trick Room|p1b: Sinistcha\n|-fieldstart|move: Trick Room|[of] p1b: Sinistcha\n|move|p2a: Farigiraf|Trick Room|p2a: Farigiraf\n|-fieldend|move: Trick Room\n|\n|upkeep\n|turn|2\n|inactive|SimMikaze has 30 seconds left.\n|inactive|SimMikaze has 20 seconds left.\n|inactive|SimMikaze has 15 seconds left.\n|\n|t:|1776689555\n|switch|p1b: Garchomp|Garchomp, L50, F|100/100\n|move|p2a: Farigiraf|Helping Hand|p2b: Kingambit\n|-singleturn|p2b: Kingambit|Helping Hand|[of] p2a: Farigiraf\n|move|p1a: Floette|Dazzling Gleam|p2a: Farigiraf|[spread] p2a,p2b\n|-crit|p2b: Kingambit\n|-damage|p2a: Farigiraf|30/100\n|-damage|p2b: Kingambit|0 fnt\n|-enditem|p2a: Farigiraf|Sitrus Berry|[eat]\n|-heal|p2a: Farigiraf|55/100|[from] item: Sitrus Berry\n|faint|p2b: Kingambit\n|\n|upkeep\n|\n|t:|1776689566\n|switch|p2b: Sinistcha|Sinistcha, L50|100/100\n|-heal|p2a: Farigiraf|79/100|[from] ability: Hospitality|[of] p2b: Sinistcha\n|turn|3\n|inactive|SimMikaze has 30 seconds left.\n|\n|t:|1776689595\n|move|p1b: Garchomp|Rock Slide|p2b: Sinistcha|[spread] p2a,p2b\n|-damage|p2a: Farigiraf|65/100\n|-damage|p2b: Sinistcha|83/100\n|move|p1a: Floette|Dazzling Gleam|p2a: Farigiraf|[spread] p2a,p2b\n|-damage|p2a: Farigiraf|0 fnt\n|-damage|p2b: Sinistcha|12/100\n|faint|p2a: Farigiraf\n|cant|p2b: Sinistcha|flinch\n|\n|upkeep\n|-message|ghostyq8 forfeited.\n|\n|win|SimMikaze\n|raw|SimMikaze's rating: 1346 &rarr; <strong>1367</strong><br />(+21 for winning)\n|raw|ghostyq8's rating: 1362 &rarr; <strong>1341</strong><br />(-21 for losing)\n|l|\u2606ghostyq8\n|player|p2|\n",
  "uploadtime": 1776689607,
  "views": 6,
  "formatid": "gen9championsvgc2026regma",
  "rating": 1341,
  "private": 0,
  "password": null
}