{
  "id": "gen9championsvgc2026regma-2588808863",
  "format": "[Gen 9 Champions] VGC 2026 Reg M-A",
  "players": [
    "Full if 100003847",
    "Crash0utVGC"
  ],
  "log": "|j|\u2606Full if 100003847\n|j|\u2606Crash0utVGC\n|t:|1776673483\n|gametype|doubles\n|player|p1|Full if 100003847|2|1125\n|player|p2|Crash0utVGC|colress|1112\n|gen|9\n|tier|[Gen 9 Champions] VGC 2026 Reg M-A\n|rated|\n|rule|Species Clause: Limit one of each Pok\u00e9mon\n|rule|Item Clause: Limit 1 of each item\n|clearpoke\n|poke|p1|Sneasler, L50, M, shiny|\n|poke|p1|Aerodactyl, L50, F|\n|poke|p1|Garchomp, L50, M, shiny|\n|poke|p1|Froslass, L50, F|\n|poke|p1|Rotom-Wash, L50, shiny|\n|poke|p1|Kingambit, L50, M|\n|poke|p2|Charizard, L50, M|\n|poke|p2|Sinistcha-Masterpiece, L50|\n|poke|p2|Tyranitar, L50, F, shiny|\n|poke|p2|Incineroar, L50, F|\n|poke|p2|Milotic, L50, M, shiny|\n|poke|p2|Sneasler, L50, F|\n|teampreview|4\n|inactive|Battle timer is ON: inactive players will automatically lose when time's up. (requested by Full if 100003847)\n|\n|t:|1776673507\n|teamsize|p1|4\n|teamsize|p2|4\n|start\n|switch|p1a: Aerodactyl|Aerodactyl, L50, F|100/100\n|switch|p1b: Sneasler|Sneasler, L50, M, shiny|100/100\n|switch|p2a: Charizard|Charizard, L50, M|100/100\n|switch|p2b: Sneasler|Sneasler, L50, F|100/100\n|-ability|p1a: Aerodactyl|Unnerve\n|turn|1\n|\n|t:|1776673517\n|detailschange|p2a: Charizard|Charizard-Mega-X, L50, M\n|-mega|p2a: Charizard|Charizard|Charizardite X\n|move|p2b: Sneasler|Fake Out|p1a: Aerodactyl\n|-resisted|p1a: Aerodactyl|1\n|-damage|p1a: Aerodactyl|90/100\n|move|p1b: Sneasler|Fake Out|p2a: Charizard\n|-damage|p2a: Charizard|86/100\n|cant|p1a: Aerodactyl|flinch\n|cant|p2a: Charizard|flinch\n|\n|upkeep\n|turn|2\n|\n|t:|1776673527\n|move|p1a: Aerodactyl|Dual Wingbeat|p2b: Sneasler\n|-supereffective|p2b: Sneasler|1\n|-damage|p2b: Sneasler|42/100\n|-supereffective|p2b: Sneasler|1\n|-damage|p2b: Sneasler|0 fnt\n|faint|p2b: Sneasler\n|-hitcount|p2: Sneasler|2\n|move|p1b: Sneasler|Close Combat|p2a: Charizard\n|-damage|p2a: Charizard|26/100\n|-unboost|p1b: Sneasler|def|1\n|-unboost|p1b: Sneasler|spd|1\n|-enditem|p1b: Sneasler|White Herb\n|-clearnegativeboost|p1b: Sneasler|[silent]\n|move|p2a: Charizard|Dragon Dance|p2a: Charizard\n|-boost|p2a: Charizard|atk|1\n|-boost|p2a: Charizard|spe|1\n|\n|upkeep\n|\n|t:|1776673531\n|switch|p2b: Sinistcha|Sinistcha-Masterpiece, L50|100/100\n|-heal|p2a: Charizard|51/100|[from] ability: Hospitality|[of] p2b: Sinistcha\n|turn|3\n|\n|t:|1776673540\n|move|p1b: Sneasler|Dire Claw|p2a: Charizard\n|-damage|p2a: Charizard|12/100\n|-status|p2a: Charizard|slp\n|cant|p2a: Charizard|slp\n|move|p1a: Aerodactyl|Tailwind|p1a: Aerodactyl\n|-sidestart|p1: Full if 100003847|move: Tailwind\n|move|p2b: Sinistcha|Life Dew||[still]|[spread] p2a,p2b\n|-heal|p2a: Charizard|37/100 slp\n|-fail|p2b: Sinistcha|heal\n|\n|upkeep\n|turn|4\n|\n|t:|1776673551\n|move|p1b: Sneasler|Dire Claw|p2a: Charizard\n|-damage|p2a: Charizard|0 fnt\n|faint|p2a: Charizard\n|move|p1a: Aerodactyl|Rock Slide|p2b: Sinistcha\n|-damage|p2b: Sinistcha|75/100\n|move|p2b: Sinistcha|Life Dew|p2b: Sinistcha\n|-heal|p2b: Sinistcha|99/100\n|\n|upkeep\n|-message|Crash0utVGC forfeited.\n|\n|win|Full if 100003847\n|raw|Full if 100003847's rating: 1125 &rarr; <strong>1149</strong><br />(+24 for winning)\n|raw|Crash0utVGC's rating: 1112 &rarr; <strong>1088</strong><br />(-24 for losing)\n",
  "uploadtime": 1776673555,
  "views": 8,
  "formatid": "gen9championsvgc2026regma",
  "rating": 1088,
  "private": 0,
  "password": null
}