{
  "id": "gen9championsvgc2026regma-2580895495",
  "format": "[Gen 9 Champions] VGC 2026 Reg M-A",
  "players": [
    "ShravKing22",
    "ninyim26"
  ],
  "log": "|j|\u2606ShravKing22\n|j|\u2606ninyim26\n|t:|1775941317\n|gametype|doubles\n|player|p1|ShravKing22|170|1125\n|player|p2|ninyim26|265|1040\n|gen|9\n|tier|[Gen 9 Champions] VGC 2026 Reg M-A\n|rated|\n|rule|Species Clause: Limit one of each Pok\u00e9mon\n|rule|Item Clause: Limit 1 of each item\n|clearpoke\n|poke|p1|Archaludon, L50, M|\n|poke|p1|Sinistcha, L50|\n|poke|p1|Pelipper, L50, F|\n|poke|p1|Basculegion, L50, M|\n|poke|p1|Incineroar, L50, F|\n|poke|p1|Audino, L50, M|\n|poke|p2|Froslass, L50, F|\n|poke|p2|Incineroar, L50, F|\n|poke|p2|Sinistcha, L50|\n|poke|p2|Whimsicott, L50, F|\n|poke|p2|Ditto, L50|\n|poke|p2|Farigiraf, L50, F|\n|teampreview|4\n|\n|t:|1775941339\n|teamsize|p1|4\n|teamsize|p2|4\n|start\n|switch|p1a: Archaludon|Archaludon, L50, M|100/100\n|switch|p1b: Pelipper|Pelipper, L50, F|100/100\n|switch|p2a: Froslass|Froslass, L50, F|100/100\n|switch|p2b: Farigiraf|Farigiraf, L50, F|100/100\n|-weather|RainDance|[from] ability: Drizzle|[of] p1b: Pelipper\n|turn|1\n|\n|t:|1775941392\n|switch|p1b: Incineroar|Incineroar, L50, F|100/100\n|-ability|p1b: Incineroar|Intimidate|boost\n|-unboost|p2a: Froslass|atk|1\n|-unboost|p2b: Farigiraf|atk|1\n|detailschange|p2a: Froslass|Froslass-Mega, L50, F\n|-mega|p2a: Froslass|Froslass|Froslassite\n|-weather|Snowscape|[from] ability: Snow Warning|[of] p2a: Froslass\n|move|p1a: Archaludon|Protect|p1a: Archaludon\n|-singleturn|p1a: Archaludon|Protect\n|move|p2a: Froslass|Aurora Veil|p2a: Froslass\n|-sidestart|p2: ninyim26|move: Aurora Veil\n|move|p2b: Farigiraf|Nasty Plot|p2b: Farigiraf\n|-boost|p2b: Farigiraf|spa|2\n|\n|-weather|Snowscape|[upkeep]\n|upkeep\n|turn|2\n|inactive|Battle timer is ON: inactive players will automatically lose when time's up. (requested by ninyim26)\n|\n|t:|1775941412\n|switch|p1b: Pelipper|Pelipper, L50, F|100/100\n|-weather|RainDance|[from] ability: Drizzle|[of] p1b: Pelipper\n|move|p2a: Froslass|Shadow Ball|p1a: Archaludon\n|-damage|p1a: Archaludon|56/100\n|-ability|p1a: Archaludon|Stamina|boost\n|-boost|p1a: Archaludon|def|1\n|move|p1a: Archaludon|Electro Shot||[still]\n|-prepare|p1a: Archaludon|Electro Shot\n|-boost|p1a: Archaludon|spa|1\n|-anim|p1a: Archaludon|Electro Shot|p2a: Froslass\n|-damage|p2a: Froslass|58/100\n|move|p2b: Farigiraf|Hyper Voice|p1b: Pelipper|[spread] p1a,p1b\n|-resisted|p1a: Archaludon|1\n|-damage|p1a: Archaludon|31/100\n|-damage|p1b: Pelipper|0 fnt\n|-ability|p1a: Archaludon|Stamina|boost\n|-boost|p1a: Archaludon|def|1\n|faint|p1b: Pelipper\n|\n|-weather|RainDance|[upkeep]\n|-heal|p1a: Archaludon|37/100|[from] item: Leftovers\n|upkeep\n|\n|t:|1775941424\n|switch|p1b: Sinistcha|Sinistcha, L50|100/100\n|-heal|p1a: Archaludon|62/100|[from] ability: Hospitality|[of] p1b: Sinistcha\n|turn|3\n|l|\u2606ninyim26\n|inactive|ninyim26 disconnected and has a minute to reconnect!\n|player|p2|\n|inactive|ninyim26 has 30 seconds left.\n|inactive|ninyim26 has 20 seconds left.\n|inactive|ninyim26 has 15 seconds left.\n|inactive|ninyim26 has 10 seconds left.\n|inactive|ninyim26 has 5 seconds left.\n|-message|ninyim26 lost due to inactivity.\n|\n|win|ShravKing22\n|raw|ShravKing22's rating: 1125 &rarr; <strong>1144</strong><br />(+19 for winning)\n|raw|ninyim26's rating: 1040 &rarr; <strong>1028</strong><br />(-12 for losing)\n|j|\u2606ninyim26\n|player|p2|ninyim26|265|\n",
  "uploadtime": 1775941481,
  "views": 11,
  "formatid": "gen9championsvgc2026regma",
  "rating": 1028,
  "private": 0,
  "password": null
}