{
  "id": "gen9championsvgc2026regma-2585241534",
  "format": "[Gen 9 Champions] VGC 2026 Reg M-A",
  "players": [
    "plaweh",
    "mudfellakipaf"
  ],
  "log": "|j|\u2606plaweh\n|j|\u2606mudfellakipaf\n|t:|1776328969\n|gametype|doubles\n|player|p1|plaweh|170|1203\n|player|p2|mudfellakipaf|170|1245\n|gen|9\n|tier|[Gen 9 Champions] VGC 2026 Reg M-A\n|rated|\n|rule|Species Clause: Limit one of each Pok\u00e9mon\n|rule|Item Clause: Limit 1 of each item\n|clearpoke\n|poke|p1|Basculegion, L50, M|\n|poke|p1|Pelipper, L50, M|\n|poke|p1|Archaludon, L50, F|\n|poke|p1|Incineroar, L50, M|\n|poke|p1|Venusaur, L50, M|\n|poke|p1|Farigiraf, L50, M|\n|poke|p2|Araquanid, L50, M|\n|poke|p2|Mudsdale, L50, M|\n|poke|p2|Oranguru, L50, M|\n|poke|p2|Aggron, L50, M|\n|poke|p2|Torkoal, L50, M|\n|poke|p2|Gardevoir, L50, F|\n|teampreview|4\n|inactive|Battle timer is ON: inactive players will automatically lose when time's up. (requested by plaweh)\n|\n|t:|1776329002\n|teamsize|p1|4\n|teamsize|p2|4\n|start\n|switch|p1a: Pelipper|Pelipper, L50, M|100/100\n|switch|p1b: Archaludon|Archaludon, L50, F|100/100\n|switch|p2a: Oranguru|Oranguru, L50, M|100/100\n|switch|p2b: Torkoal|Torkoal, L50, M|100/100\n|-weather|RainDance|[from] ability: Drizzle|[of] p1a: Pelipper\n|-weather|SunnyDay|[from] ability: Drought|[of] p2b: Torkoal\n|turn|1\n|inactive|plaweh has 30 seconds left.\n|\n|t:|1776329033\n|switch|p1a: Incineroar|Incineroar, L50, M|100/100\n|-ability|p1a: Incineroar|Intimidate|boost\n|-fail|p2a: Oranguru|unboost|Attack|[from] ability: Inner Focus|[of] p2a: Oranguru\n|-unboost|p2b: Torkoal|atk|1\n|move|p1b: Archaludon|Protect|p1b: Archaludon\n|-singleturn|p1b: Archaludon|Protect\n|move|p2b: Torkoal|Protect|p2b: Torkoal\n|-singleturn|p2b: Torkoal|Protect\n|move|p2a: Oranguru|Trick Room|p2a: Oranguru\n|-fieldstart|move: Trick Room|[of] p2a: Oranguru\n|\n|-weather|SunnyDay|[upkeep]\n|upkeep\n|turn|2\n|\n|t:|1776329057\n|move|p1a: Incineroar|Fake Out|p2b: Torkoal\n|-damage|p2b: Torkoal|92/100\n|cant|p2b: Torkoal|flinch\n|move|p2a: Oranguru|Instruct|p2b: Torkoal\n|-singleturn|p2b: Torkoal|move: Instruct|[of] p2a: Oranguru\n|cant|p2b: Torkoal|flinch\n|move|p1b: Archaludon|Dragon Pulse|p2b: Torkoal\n|-damage|p2b: Torkoal|29/100\n|\n|-weather|SunnyDay|[upkeep]\n|upkeep\n|turn|3\n|\n|t:|1776329078\n|switch|p1b: Pelipper|Pelipper, L50, M|100/100\n|-weather|RainDance|[from] ability: Drizzle|[of] p1b: Pelipper\n|move|p2b: Torkoal|Earth Power|p1b: Pelipper\n|-immune|p1b: Pelipper\n|move|p2a: Oranguru|Instruct|p2b: Torkoal\n|-singleturn|p2b: Torkoal|move: Instruct|[of] p2a: Oranguru\n|move|p2b: Torkoal|Earth Power|p1b: Pelipper\n|-immune|p1b: Pelipper\n|move|p1a: Incineroar|Darkest Lariat|p2a: Oranguru\n|-supereffective|p2a: Oranguru|1\n|-damage|p2a: Oranguru|49/100\n|\n|-weather|RainDance|[upkeep]\n|upkeep\n|turn|4\n|-message|mudfellakipaf forfeited.\n|\n|win|plaweh\n|raw|plaweh's rating: 1203 &rarr; <strong>1231</strong><br />(+28 for winning)\n|raw|mudfellakipaf's rating: 1245 &rarr; <strong>1217</strong><br />(-28 for losing)\n|l|\u2606mudfellakipaf\n|player|p2|\n",
  "uploadtime": 1776329092,
  "views": 37,
  "formatid": "gen9championsvgc2026regma",
  "rating": 1217,
  "private": 0,
  "password": null
}