{
  "id": "gen9championsvgc2026regma-2588076452",
  "format": "[Gen 9 Champions] VGC 2026 Reg M-A",
  "players": [
    "Neic",
    "CharninjaGamingYT"
  ],
  "log": "|j|\u2606Neic\n|j|\u2606CharninjaGamingYT\n|t:|1776601499\n|gametype|doubles\n|player|p1|Neic|cress|1031\n|player|p2|CharninjaGamingYT|shadowtriad|1084\n|gen|9\n|tier|[Gen 9 Champions] VGC 2026 Reg M-A\n|rated|\n|rule|Species Clause: Limit one of each Pok\u00e9mon\n|rule|Item Clause: Limit 1 of each item\n|clearpoke\n|poke|p1|Excadrill, L50, M, shiny|\n|poke|p1|Weavile, L50, F|\n|poke|p1|Milotic, L50, M|\n|poke|p1|Talonflame, L50, M|\n|poke|p1|Rotom-Mow, L50|\n|poke|p1|Hydreigon, L50, F|\n|poke|p2|Meganium, L50, M|\n|poke|p2|Aerodactyl, L50, F|\n|poke|p2|Tauros-Paldea-Aqua, L50, M|\n|poke|p2|Archaludon, L50, F|\n|poke|p2|Typhlosion-Hisui, L50, M|\n|poke|p2|Kangaskhan, L50, F|\n|teampreview|4\n|inactive|Battle timer is ON: inactive players will automatically lose when time's up. (requested by CharninjaGamingYT)\n|inactive|CharninjaGamingYT has 60 seconds left.\n|\n|t:|1776601544\n|teamsize|p1|4\n|teamsize|p2|4\n|start\n|switch|p1a: Simon|Excadrill, L50, M, shiny|100/100\n|switch|p1b: Weavile|Weavile, L50, F|100/100\n|switch|p2a: Aerodactyl|Aerodactyl, L50, F|100/100\n|switch|p2b: Meganium|Meganium, L50, M|100/100\n|-ability|p2a: Aerodactyl|Unnerve\n|-ability|p1b: Weavile|Pressure\n|-ability|p1a: Simon|Mold Breaker\n|turn|1\n|inactive|Neic has 30 seconds left.\n|\n|t:|1776601570\n|move|p2a: Aerodactyl|Protect|p2a: Aerodactyl\n|-singleturn|p2a: Aerodactyl|Protect\n|move|p2b: Meganium|Protect|p2b: Meganium\n|-singleturn|p2b: Meganium|Protect\n|move|p1b: Weavile|Fake Out|p2b: Meganium\n|-activate|p2b: Meganium|move: Protect\n|move|p1a: Simon|Rock Slide|p2b: Meganium|[spread] \n|-activate|p2a: Aerodactyl|move: Protect\n|-activate|p2b: Meganium|move: Protect\n|\n|upkeep\n|turn|2\n|\n|t:|1776601592\n|detailschange|p1a: Simon|Excadrill-Mega, L50, M, shiny\n|-mega|p1a: Simon|Excadrill|Excadrite\n|detailschange|p2b: Meganium|Meganium-Mega, L50, M\n|-mega|p2b: Meganium|Meganium|Meganiumite\n|move|p2a: Aerodactyl|Rock Slide|p1a: Simon|[spread] p1a,p1b\n|-resisted|p1a: Simon|2\n|-supereffective|p1b: Weavile|1\n|-damage|p1a: Simon|94/100\n|-damage|p1b: Weavile|13/100\n|move|p1b: Weavile|Triple Axel|p2b: Meganium|[miss]\n|-miss|p1b: Weavile|p2b: Meganium\n|cant|p1a: Simon|flinch\n|move|p2b: Meganium|Dazzling Gleam|p1b: Weavile|[spread] p1a,p1b\n|-resisted|p1a: Simon|1\n|-supereffective|p1b: Weavile|1\n|-damage|p1a: Simon|72/100\n|-damage|p1b: Weavile|0 fnt\n|faint|p1b: Weavile\n|\n|upkeep\n|\n|t:|1776601611\n|switch|p1b: Talonflame|Talonflame, L50, M|100/100\n|turn|3\n|c|\u2606Neic|bruh...\n|\n|t:|1776601630\n|move|p2a: Aerodactyl|Rock Slide|p1a: Simon|[spread] p1a,p1b\n|-resisted|p1a: Simon|2\n|-supereffective|p1b: Talonflame|2\n|-damage|p1a: Simon|65/100\n|-damage|p1b: Talonflame|0 fnt\n|faint|p1b: Talonflame\n|cant|p1a: Simon|flinch\n|move|p2b: Meganium|Weather Ball|p1a: Simon\n|-supereffective|p1a: Simon|1\n|-damage|p1a: Simon|0 fnt\n|faint|p1a: Simon\n|\n|upkeep\n|\n|t:|1776601645\n|switch|p1a: Milotic|Milotic, L50, M|100/100\n|turn|4\n|\n|t:|1776601652\n|move|p2a: Aerodactyl|Dual Wingbeat|p1a: Milotic\n|-damage|p1a: Milotic|85/100\n|-damage|p1a: Milotic|69/100\n|-hitcount|p1a: Milotic|2\n|move|p2b: Meganium|Solar Beam||[still]\n|-prepare|p2b: Meganium|Solar Beam\n|-activate|p2b: Meganium|ability: Mega Sol\n|-anim|p2b: Meganium|Solar Beam|p1a: Milotic\n|-supereffective|p1a: Milotic|1\n|-damage|p1a: Milotic|0 fnt\n|faint|p1a: Milotic\n|\n|win|CharninjaGamingYT\n|raw|Neic's rating: 1031 &rarr; <strong>1019</strong><br />(-12 for losing)\n|raw|CharninjaGamingYT's rating: 1084 &rarr; <strong>1107</strong><br />(+23 for winning)\n",
  "uploadtime": 1776601663,
  "views": 8,
  "formatid": "gen9championsvgc2026regma",
  "rating": 1019,
  "private": 0,
  "password": null
}