{
  "id": "gen9championsvgc2026regma-2585121431",
  "format": "[Gen 9 Champions] VGC 2026 Reg M-A",
  "players": [
    "azzaconda22",
    "dkapflzksh"
  ],
  "log": "|j|\u2606azzaconda22\n|j|\u2606dkapflzksh\n|t:|1776314258\n|gametype|doubles\n|player|p1|azzaconda22|aaron|1344\n|player|p2|dkapflzksh|scientist-gen4dp|1377\n|gen|9\n|tier|[Gen 9 Champions] VGC 2026 Reg M-A\n|rated|\n|rule|Species Clause: Limit one of each Pok\u00e9mon\n|rule|Item Clause: Limit 1 of each item\n|clearpoke\n|poke|p1|Kangaskhan, L50, F|\n|poke|p1|Sneasler, L50, F|\n|poke|p1|Milotic, L50, F|\n|poke|p1|Incineroar, L50, M|\n|poke|p1|Sinistcha, L50|\n|poke|p1|Aerodactyl, L50, F|\n|poke|p2|Basculegion, L50, M|\n|poke|p2|Dragonite, L50, M|\n|poke|p2|Archaludon, L50, M|\n|poke|p2|Scizor, L50, F|\n|poke|p2|Incineroar, L50, F|\n|poke|p2|Pelipper, L50, M|\n|teampreview|4\n|inactive|Battle timer is ON: inactive players will automatically lose when time's up. (requested by azzaconda22)\n|inactive|dkapflzksh has 60 seconds left.\n|\n|t:|1776314295\n|teamsize|p1|4\n|teamsize|p2|4\n|start\n|switch|p1a: Aerodactyl|Aerodactyl, L50, F|100/100\n|switch|p1b: Kangaskhan|Kangaskhan, L50, F|100/100\n|switch|p2a: Pelipper|Pelipper, L50, M, shiny|100/100\n|switch|p2b: Basculegion|Basculegion, L50, M, shiny|100/100\n|-ability|p1a: Aerodactyl|Unnerve\n|-weather|RainDance|[from] ability: Drizzle|[of] p2a: Pelipper\n|turn|1\n|\n|t:|1776314313\n|move|p1b: Kangaskhan|Fake Out|p2b: Basculegion\n|-damage|p2b: Basculegion|77/100\n|cant|p2b: Basculegion|flinch\n|move|p1a: Aerodactyl|Dual Wingbeat|p2b: Basculegion\n|-damage|p2b: Basculegion|54/100\n|-damage|p2b: Basculegion|30/100\n|-hitcount|p2b: Basculegion|2\n|move|p2a: Pelipper|Tailwind|p2a: Pelipper\n|-sidestart|p2: dkapflzksh|move: Tailwind\n|\n|-weather|RainDance|[upkeep]\n|upkeep\n|turn|2\n|inactive|azzaconda22 has 30 seconds left.\n|inactive|dkapflzksh has 30 seconds left.\n|\n|t:|1776314345\n|switch|p1a: Sinistcha|Sinistcha, L50|100/100\n|detailschange|p1b: Kangaskhan|Kangaskhan-Mega, L50, F\n|-mega|p1b: Kangaskhan|Kangaskhan|Kangaskhanite\n|move|p2b: Basculegion|Flip Turn|p1a: Sinistcha\n|-resisted|p1a: Sinistcha|1\n|-damage|p1a: Sinistcha|76/100\n|\n|t:|1776314354\n|switch|p2b: Archaludon|Archaludon, L50, M, shiny|100/100|[from] Flip Turn\n|move|p2a: Pelipper|Weather Ball|p1b: Kangaskhan\n|-damage|p1b: Kangaskhan|57/100\n|move|p1b: Kangaskhan|Double-Edge|p2a: Pelipper\n|-damage|p2a: Pelipper|24/100\n|-damage|p2a: Pelipper|4/100\n|-hitcount|p2a: Pelipper|2\n|-damage|p1b: Kangaskhan|34/100|[from] Recoil\n|\n|-weather|RainDance|[upkeep]\n|-heal|p1a: Sinistcha|83/100|[from] item: Leftovers\n|upkeep\n|turn|3\n|\n|t:|1776314379\n|move|p1b: Kangaskhan|Protect|p1b: Kangaskhan\n|-singleturn|p1b: Kangaskhan|Protect\n|move|p2a: Pelipper|Hurricane|p1a: Sinistcha\n|-supereffective|p1a: Sinistcha|1\n|-damage|p1a: Sinistcha|0 fnt\n|faint|p1a: Sinistcha\n|move|p2b: Archaludon|Electro Shot||[still]\n|-prepare|p2b: Archaludon|Electro Shot\n|-boost|p2b: Archaludon|spa|1\n|-anim|p2b: Archaludon|Electro Shot|p1b: Kangaskhan\n|-activate|p1b: Kangaskhan|move: Protect\n|\n|-weather|RainDance|[upkeep]\n|upkeep\n|\n|t:|1776314394\n|switch|p1a: Milotic|Milotic, L50, F|100/100\n|turn|4\n|\n|t:|1776314405\n|move|p1b: Kangaskhan|Protect||[still]\n|-fail|p1b: Kangaskhan\n|move|p1a: Milotic|Protect|p1a: Milotic\n|-singleturn|p1a: Milotic|Protect\n|move|p2a: Pelipper|Weather Ball|p1b: Kangaskhan\n|-damage|p1b: Kangaskhan|0 fnt\n|faint|p1b: Kangaskhan\n|move|p2b: Archaludon|Electro Shot||[still]\n|-prepare|p2b: Archaludon|Electro Shot\n|-boost|p2b: Archaludon|spa|1\n|-anim|p2b: Archaludon|Electro Shot|p1a: Milotic\n|-activate|p1a: Milotic|move: Protect\n|\n|-weather|RainDance|[upkeep]\n|-sideend|p2: dkapflzksh|move: Tailwind\n|upkeep\n|-message|azzaconda22 forfeited.\n|\n|win|dkapflzksh\n|raw|azzaconda22's rating: 1344 &rarr; <strong>1326</strong><br />(-18 for losing)\n|raw|dkapflzksh's rating: 1377 &rarr; <strong>1395</strong><br />(+18 for winning)\n",
  "uploadtime": 1776314409,
  "views": 40,
  "formatid": "gen9championsvgc2026regma",
  "rating": 1326,
  "private": 0,
  "password": null
}