{
  "id": "gen9championsvgc2026regma-2582694768",
  "format": "[Gen 9 Champions] VGC 2026 Reg M-A",
  "players": [
    "Mcslicks",
    "Drunklombre"
  ],
  "log": "|j|\u2606Mcslicks\n|j|\u2606Drunklombre\n|t:|1776107805\n|gametype|doubles\n|player|p1|Mcslicks|101|1040\n|player|p2|Drunklombre|101|1098\n|gen|9\n|tier|[Gen 9 Champions] VGC 2026 Reg M-A\n|rated|\n|rule|Species Clause: Limit one of each Pok\u00e9mon\n|rule|Item Clause: Limit 1 of each item\n|clearpoke\n|poke|p1|Blastoise, L50, F|\n|poke|p1|Oranguru, L50, M|\n|poke|p1|Conkeldurr, L50, M|\n|poke|p1|Incineroar, L50, F|\n|poke|p1|Pelipper, L50, M|\n|poke|p1|Appletun, L50, F|\n|poke|p2|Crabominable, L50, M|\n|poke|p2|Farigiraf, L50, M|\n|poke|p2|Sinistcha, L50|\n|poke|p2|Torkoal, L50, M|\n|poke|p2|Maushold, L50|\n|poke|p2|Drampa, L50, F|\n|teampreview|4\n|inactive|Battle timer is ON: inactive players will automatically lose when time's up. (requested by Drunklombre)\n|\n|t:|1776107824\n|teamsize|p1|4\n|teamsize|p2|4\n|start\n|switch|p1a: Blastoise|Blastoise, L50, F|100/100\n|switch|p1b: Pelipper|Pelipper, L50, M|100/100\n|switch|p2a: Drampa|Drampa, L50, F|100/100\n|switch|p2b: Farigiraf|Farigiraf, L50, M|100/100\n|-weather|RainDance|[from] ability: Drizzle|[of] p1b: Pelipper\n|turn|1\n|\n|t:|1776107843\n|detailschange|p1a: Blastoise|Blastoise-Mega, L50, F\n|-mega|p1a: Blastoise|Blastoise|Blastoisinite\n|detailschange|p2a: Drampa|Drampa-Mega, L50, F\n|-mega|p2a: Drampa|Drampa|Drampanite\n|move|p1a: Blastoise|Water Spout|p2b: Farigiraf|[spread] p2a,p2b\n|-resisted|p2a: Drampa|1\n|-damage|p2a: Drampa|47/100\n|-damage|p2b: Farigiraf|24/100\n|-enditem|p2b: Farigiraf|Sitrus Berry|[eat]\n|-heal|p2b: Farigiraf|48/100|[from] item: Sitrus Berry\n|-ability|p2a: Drampa|Berserk|boost\n|-boost|p2a: Drampa|spa|1\n|move|p1b: Pelipper|Hurricane|p2b: Farigiraf\n|-damage|p2b: Farigiraf|3/100\n|-start|p2b: Farigiraf|confusion\n|move|p2a: Drampa|Hyper Voice|p1a: Blastoise|[spread] p1a,p1b\n|-damage|p1a: Blastoise|47/100\n|-enditem|p1b: Pelipper|Focus Sash\n|-damage|p1b: Pelipper|1/100\n|-activate|p2b: Farigiraf|confusion\n|-damage|p2b: Farigiraf|0 fnt|[from] confusion\n|faint|p2b: Farigiraf\n|\n|-weather|RainDance|[upkeep]\n|upkeep\n|\n|t:|1776107869\n|switch|p2b: Sinistcha|Sinistcha, L50|100/100\n|-heal|p2a: Drampa|71/100|[from] ability: Hospitality|[of] p2b: Sinistcha\n|turn|2\n|\n|t:|1776107888\n|switch|p1a: Appletun|Appletun, L50, F|100/100\n|move|p2a: Drampa|Protect|p2a: Drampa\n|-singleturn|p2a: Drampa|Protect\n|move|p1b: Pelipper|Hurricane|p2b: Sinistcha\n|-supereffective|p2b: Sinistcha|1\n|-damage|p2b: Sinistcha|0 fnt\n|faint|p2b: Sinistcha\n|\n|-weather|RainDance|[upkeep]\n|upkeep\n|\n|t:|1776107897\n|switch|p2b: Torkoal|Torkoal, L50, M|100/100\n|-weather|SunnyDay|[from] ability: Drought|[of] p2b: Torkoal\n|turn|3\n|\n|t:|1776107913\n|switch|p1b: Conkeldurr|Conkeldurr, L50, M|100/100\n|move|p2a: Drampa|Hyper Voice|p1a: Appletun|[spread] p1a,p1b\n|-damage|p1a: Appletun|37/100\n|-damage|p1b: Conkeldurr|27/100\n|move|p1a: Appletun|Dragon Pulse|p2a: Drampa\n|-supereffective|p2a: Drampa|1\n|-damage|p2a: Drampa|0 fnt\n|faint|p2a: Drampa\n|move|p2b: Torkoal|Eruption|p1a: Appletun|[spread] p1a,p1b\n|-damage|p1a: Appletun|0 fnt\n|-damage|p1b: Conkeldurr|0 fnt\n|faint|p1a: Appletun\n|faint|p1b: Conkeldurr\n|\n|-weather|SunnyDay|[upkeep]\n|upkeep\n|\n|t:|1776107929\n|switch|p1b: Pelipper|Pelipper, L50, M|1/100\n|switch|p1a: Blastoise|Blastoise-Mega, L50, F|47/100\n|-weather|RainDance|[from] ability: Drizzle|[of] p1b: Pelipper\n|turn|4\n|\n|t:|1776107943\n|move|p1a: Blastoise|Fake Out|p2b: Torkoal\n|-damage|p2b: Torkoal|93/100\n|move|p1b: Pelipper|Weather Ball|p2b: Torkoal\n|-supereffective|p2b: Torkoal|1\n|-damage|p2b: Torkoal|0 fnt\n|faint|p2b: Torkoal\n|\n|win|Mcslicks\n|raw|Mcslicks's rating: 1040 &rarr; <strong>1080</strong><br />(+40 for winning)\n|raw|Drunklombre's rating: 1098 &rarr; <strong>1069</strong><br />(-29 for losing)\n|l|\u2606Drunklombre\n|player|p2|\n",
  "uploadtime": 1776108097,
  "views": 26,
  "formatid": "gen9championsvgc2026regma",
  "rating": 1069,
  "private": 0,
  "password": null
}