{
  "id": "gen9championsvgc2026regma-2584730328",
  "format": "[Gen 9 Champions] VGC 2026 Reg M-A",
  "players": [
    "Dragao Mendigo",
    "Rai_302001"
  ],
  "log": "|j|\u2606Dragao Mendigo\n|j|\u2606Rai_302001\n|t:|1776279620\n|gametype|doubles\n|player|p1|Dragao Mendigo|2|1079\n|player|p2|Rai_302001|wallace|1000\n|gen|9\n|tier|[Gen 9 Champions] VGC 2026 Reg M-A\n|rated|\n|rule|Species Clause: Limit one of each Pok\u00e9mon\n|rule|Item Clause: Limit 1 of each item\n|clearpoke\n|poke|p1|Charizard, L50, F|\n|poke|p1|Venusaur, L50, M|\n|poke|p1|Whimsicott, L50, M|\n|poke|p1|Gengar, L50, M|\n|poke|p1|Gyarados, L50, M|\n|poke|p1|Corviknight, L50, F|\n|poke|p2|Basculegion-F, L50, F|\n|poke|p2|Vanilluxe, L50, F|\n|poke|p2|Aromatisse, L50, F|\n|poke|p2|Slowbro-Galar, L50, M|\n|poke|p2|Incineroar, L50, M|\n|poke|p2|Crabominable, L50, M|\n|teampreview|4\n|inactive|Battle timer is ON: inactive players will automatically lose when time's up. (requested by Dragao Mendigo)\n|inactive|Dragao Mendigo has 60 seconds left.\n|\n|t:|1776279656\n|teamsize|p1|4\n|teamsize|p2|4\n|start\n|switch|p1a: Whimsicott|Whimsicott, L50, M|100/100\n|switch|p1b: Charizard|Charizard, L50, F, shiny|100/100\n|switch|p2a: Aromatisse|Aromatisse, L50, F|100/100\n|switch|p2b: Basculegion|Basculegion-F, L50, F|100/100\n|turn|1\n|\n|t:|1776279674\n|detailschange|p1b: Charizard|Charizard-Mega-Y, L50, F, shiny\n|-mega|p1b: Charizard|Charizard|Charizardite Y\n|-weather|SunnyDay|[from] ability: Drought|[of] p1b: Charizard\n|move|p1a: Whimsicott|Tailwind|p1a: Whimsicott\n|-sidestart|p1: Dragao Mendigo|move: Tailwind\n|move|p1b: Charizard|Heat Wave|p2a: Aromatisse|[spread] p2a,p2b\n|-resisted|p2b: Basculegion|1\n|-damage|p2a: Aromatisse|44/100\n|-damage|p2b: Basculegion|65/100\n|move|p2b: Basculegion|Hydro Pump|p1b: Charizard\n|-supereffective|p1b: Charizard|1\n|-damage|p1b: Charizard|25/100\n|move|p2a: Aromatisse|Trick Room|p2a: Aromatisse\n|-fieldstart|move: Trick Room|[of] p2a: Aromatisse\n|\n|-weather|SunnyDay|[upkeep]\n|-heal|p2a: Aromatisse|50/100|[from] item: Leftovers\n|upkeep\n|turn|2\n|inactive|Rai_302001 has 30 seconds left.\n|inactive|Dragao Mendigo has 30 seconds left.\n|inactive|Rai_302001 has 20 seconds left.\n|\n|t:|1776279713\n|switch|p2a: Incineroar|Incineroar, L50, M|100/100\n|-ability|p2a: Incineroar|Intimidate|boost\n|-unboost|p1a: Whimsicott|atk|1\n|-unboost|p1b: Charizard|atk|1\n|switch|p1b: Venusaur|Venusaur, L50, M, shiny|100/100\n|move|p1a: Whimsicott|Encore|p2a: Incineroar\n|-hint|Since gen 7, Dark is immune to Prankster moves.\n|-immune|p2a: Incineroar\n|move|p2b: Basculegion|Hydro Pump|p1b: Venusaur\n|-resisted|p1b: Venusaur|1\n|-damage|p1b: Venusaur|80/100\n|\n|-weather|SunnyDay|[upkeep]\n|upkeep\n|turn|3\n|inactive|Dragao Mendigo has 30 seconds left.\n|inactive|Rai_302001 has 30 seconds left.\n|inactive|Rai_302001 has 20 seconds left.\n|\n|t:|1776279751\n|move|p1b: Venusaur|Protect|p1b: Venusaur\n|-singleturn|p1b: Venusaur|Protect\n|move|p2a: Incineroar|Fake Out|p1a: Whimsicott\n|-damage|p1a: Whimsicott|80/100\n|move|p2b: Basculegion|Ice Beam|p1a: Whimsicott\n|-supereffective|p1a: Whimsicott|1\n|-damage|p1a: Whimsicott|0 fnt\n|faint|p1a: Whimsicott\n|\n|-weather|SunnyDay|[upkeep]\n|upkeep\n|\n|t:|1776279762\n|switch|p1a: Charizard|Charizard-Mega-Y, L50, F, shiny|25/100\n|turn|4\n|\n|t:|1776279772\n|move|p2a: Incineroar|Flare Blitz|p1b: Venusaur\n|-supereffective|p1b: Venusaur|1\n|-damage|p1b: Venusaur|0 fnt\n|faint|p1b: Venusaur\n|-damage|p2a: Incineroar|77/100|[from] Recoil\n|move|p2b: Basculegion|Hydro Pump|p1a: Charizard\n|-supereffective|p1a: Charizard|1\n|-damage|p1a: Charizard|0 fnt\n|faint|p1a: Charizard\n|\n|-weather|SunnyDay|[upkeep]\n|-sideend|p1: Dragao Mendigo|move: Tailwind\n|upkeep\n|-message|Dragao Mendigo forfeited.\n|\n|win|Rai_302001\n|raw|Dragao Mendigo's rating: 1079 &rarr; <strong>1052</strong><br />(-27 for losing)\n|raw|Rai_302001's rating: 1000 &rarr; <strong>1049</strong><br />(+49 for winning)\n|l|\u2606Dragao Mendigo\n|player|p1|\n",
  "uploadtime": 1776279792,
  "views": 17,
  "formatid": "gen9championsvgc2026regma",
  "rating": 1049,
  "private": 0,
  "password": null
}