{
  "id": "gen9championsvgc2026regma-2580756426",
  "format": "[Gen 9 Champions] VGC 2026 Reg M-A",
  "players": [
    "pipeei",
    "low ego"
  ],
  "log": "|j|\u2606pipeei\n|j|\u2606low ego\n|t:|1775929939\n|gametype|doubles\n|player|p1|pipeei|ingo|1000\n|player|p2|low ego|101|1054\n|gen|9\n|tier|[Gen 9 Champions] VGC 2026 Reg M-A\n|rated|\n|rule|Species Clause: Limit one of each Pok\u00e9mon\n|rule|Item Clause: Limit 1 of each item\n|clearpoke\n|poke|p1|Crabominable, L50, F|\n|poke|p1|Slowking, L50, M|\n|poke|p1|Kingambit, L50, F|\n|poke|p1|Drampa, L50, M|\n|poke|p1|Sneasler, L50, M|\n|poke|p1|Sinistcha, L50|\n|poke|p2|Froslass, L50, F|\n|poke|p2|Sneasler, L50, M|\n|poke|p2|Arcanine-Hisui, L50, F|\n|poke|p2|Basculegion, L50, M|\n|poke|p2|Kingambit, L50, M|\n|poke|p2|Farigiraf, L50, M|\n|teampreview|4\nlow ego has agreed to open team sheets.\n|\n|t:|1775929961\n|teamsize|p1|4\n|teamsize|p2|4\n|start\n|switch|p1a: Slowking|Slowking, L50, M|100/100\n|switch|p1b: Kingambit|Kingambit, L50, F|100/100\n|switch|p2a: Sneasler|Sneasler, L50, M|100/100\n|switch|p2b: Kingambit|Kingambit, L50, M|100/100\n|turn|1\n|\n|t:|1775929979\n|move|p2a: Sneasler|Fake Out|p1a: Slowking\n|-damage|p1a: Slowking|87/100\n|move|p1b: Kingambit|Low Kick|p2b: Kingambit\n|-supereffective|p2b: Kingambit|2\n|-damage|p2b: Kingambit|0 fnt\n|faint|p2b: Kingambit\n|cant|p1a: Slowking|flinch\n|\n|-heal|p1a: Slowking|93/100|[from] item: Leftovers\n|upkeep\n|\n|t:|1775929987\n|switch|p2b: Basculegion|Basculegion, L50, M|100/100\n|turn|2\n|\n|t:|1775930000\n|move|p1b: Kingambit|Sucker Punch|p2b: Basculegion\n|-supereffective|p2b: Basculegion|1\n|-damage|p2b: Basculegion|0 fnt\n|faint|p2b: Basculegion\n|move|p2a: Sneasler|Dire Claw|p1a: Slowking\n|-damage|p1a: Slowking|57/100\n|move|p1a: Slowking|Trick Room|p1a: Slowking\n|-fieldstart|move: Trick Room|[of] p1a: Slowking\n|\n|-heal|p1a: Slowking|63/100|[from] item: Leftovers\n|upkeep\n|-message|low ego forfeited.\n|\n|win|pipeei\n|raw|pipeei's rating: 1000 &rarr; <strong>1046</strong><br />(+46 for winning)\n|raw|low ego's rating: 1054 &rarr; <strong>1033</strong><br />(-21 for losing)\n|l|\u2606low ego\n|player|p2|\n",
  "uploadtime": 1775930012,
  "views": 20,
  "formatid": "gen9championsvgc2026regma",
  "rating": 1033,
  "private": 0,
  "password": null
}