{
  "id": "gen9championsvgc2026regma-2584387226",
  "format": "[Gen 9 Champions] VGC 2026 Reg M-A",
  "players": [
    "PromiseImGood",
    "vywxiwjxjwk"
  ],
  "log": "|j|\u203dPromiseImGood\n|j|\u2606vywxiwjxjwk\n|t:|1776257064\n|gametype|doubles\n|player|p1|PromiseImGood|fantina|1157\n|player|p2|vywxiwjxjwk|n|1236\n|gen|9\n|tier|[Gen 9 Champions] VGC 2026 Reg M-A\n|rated|\n|rule|Species Clause: Limit one of each Pok\u00e9mon\n|rule|Item Clause: Limit 1 of each item\n|clearpoke\n|poke|p1|Gengar, L50, F|\n|poke|p1|Lucario, L50, M|\n|poke|p1|Maushold, L50|\n|poke|p1|Ninetales-Alola, L50, M|\n|poke|p1|Kingambit, L50, M|\n|poke|p1|Sneasler, L50, M|\n|poke|p2|Sneasler, L50, M|\n|poke|p2|Floette-Eternal, L50, F|\n|poke|p2|Sinistcha, L50|\n|poke|p2|Meowstic, L50, M|\n|poke|p2|Krookodile, L50, M|\n|poke|p2|Farigiraf, L50, F|\n|teampreview|4\n|inactive|Battle timer is ON: inactive players will automatically lose when time's up. (requested by PromiseImGood)\n|inactive|PromiseImGood has 60 seconds left.\n|inactive|PromiseImGood has 30 seconds left.\n|\n|t:|1776257134\n|teamsize|p1|4\n|teamsize|p2|4\n|start\n|switch|p1a: Gengar|Gengar, L50, F|100/100\n|switch|p1b: Maushold|Maushold, L50|100/100\n|switch|p2a: Sneasler|Sneasler, L50, M|100/100\n|switch|p2b: Meowstic|Meowstic, L50, M|100/100\n|turn|1\n|inactive|vywxiwjxjwk has 30 seconds left.\n|\n|t:|1776257161\n|detailschange|p1a: Gengar|Gengar-Mega, L50, F\n|-mega|p1a: Gengar|Gengar|Gengarite\n|move|p1b: Maushold|Protect|p1b: Maushold\n|-singleturn|p1b: Maushold|Protect\n|move|p2a: Sneasler|Fake Out|p1b: Maushold\n|-activate|p1b: Maushold|move: Protect\n|move|p2b: Meowstic|Thunder Wave|p1a: Gengar|[miss]\n|-miss|p2b: Meowstic|p1a: Gengar\n|move|p1a: Gengar|Perish Song|p1a: Gengar\n|-start|p1a: Gengar|perish3|[silent]\n|-start|p1b: Maushold|perish3|[silent]\n|-start|p2a: Sneasler|perish3|[silent]\n|-start|p2b: Meowstic|perish3|[silent]\n|-fieldactivate|move: Perish Song\n|\n|-start|p1a: Gengar|perish3\n|-start|p2a: Sneasler|perish3\n|-start|p1b: Maushold|perish3\n|-start|p2b: Meowstic|perish3\n|upkeep\n|turn|2\n|l|\u203dPromiseImGood\n|inactive|PromiseImGood disconnected and has a minute to reconnect!\n|player|p1|\n|inactive|PromiseImGood has 30 seconds left.\n|inactive|PromiseImGood has 20 seconds left.\n|inactive|PromiseImGood has 15 seconds left.\n|inactive|PromiseImGood has 10 seconds left.\n|inactive|PromiseImGood has 5 seconds left.\n|-message|PromiseImGood lost due to inactivity.\n|\n|win|vywxiwjxjwk\n|raw|PromiseImGood's rating: 1157 &rarr; <strong>1138</strong><br />(-19 for losing)\n|raw|vywxiwjxjwk's rating: 1236 &rarr; <strong>1255</strong><br />(+19 for winning)\n",
  "uploadtime": 1776257224,
  "views": 19,
  "formatid": "gen9championsvgc2026regma",
  "rating": 1138,
  "private": 0,
  "password": null
}