{
  "id": "gen9championsvgc2026regma-2583527359",
  "format": "[Gen 9 Champions] VGC 2026 Reg M-A",
  "players": [
    "monitar",
    "kronos22"
  ],
  "log": "|j|\u2606monitar\n|j|\u2606kronos22\n|t:|1776181284\n|gametype|doubles\n|player|p1|monitar|hoopster|1385\n|player|p2|kronos22|169|1443\n|gen|9\n|tier|[Gen 9 Champions] VGC 2026 Reg M-A\n|rated|\n|rule|Species Clause: Limit one of each Pok\u00e9mon\n|rule|Item Clause: Limit 1 of each item\n|clearpoke\n|poke|p1|Floette-Eternal, L50, F|\n|poke|p1|Basculegion, L50, M|\n|poke|p1|Incineroar, L50, M|\n|poke|p1|Aerodactyl, L50, F|\n|poke|p1|Sneasler, L50, F|\n|poke|p1|Garchomp, L50, M|\n|poke|p2|Slowbro, L50, F|\n|poke|p2|Farigiraf, L50, F|\n|poke|p2|Abomasnow, L50, M|\n|poke|p2|Primarina, L50, M|\n|poke|p2|Kingambit, L50, M|\n|poke|p2|Sneasler, L50, F|\n|teampreview|4\n|\n|t:|1776181333\n|teamsize|p1|4\n|teamsize|p2|4\n|start\n|switch|p1a: Floette|Floette-Eternal, L50, F|100/100\n|switch|p1b: Incineroar|Incineroar, L50, M|100/100\n|switch|p2a: Farigiraf|Farigiraf, L50, F|100/100\n|switch|p2b: Sneasler|Sneasler, L50, F|100/100\n|-ability|p1b: Incineroar|Intimidate|boost\n|-unboost|p2a: Farigiraf|atk|1\n|-unboost|p2b: Sneasler|atk|1\n|-enditem|p2b: Sneasler|White Herb\n|-clearnegativeboost|p2b: Sneasler|[silent]\n|turn|1\n|\n|t:|1776181359\n|detailschange|p1a: Floette|Floette-Mega, L50, F\n|-mega|p1a: Floette|Floette|Floettite\n|-ability|p1a: Floette|Fairy Aura\n|move|p1a: Floette|Protect|p1a: Floette\n|-singleturn|p1a: Floette|Protect\n|move|p2b: Sneasler|Close Combat|p1b: Incineroar\n|-supereffective|p1b: Incineroar|1\n|-damage|p1b: Incineroar|0 fnt\n|-unboost|p2b: Sneasler|def|1\n|-unboost|p2b: Sneasler|spd|1\n|faint|p1b: Incineroar\n|move|p2a: Farigiraf|Light Screen|p2a: Farigiraf\n|-sidestart|p2: kronos22|move: Light Screen\n|\n|upkeep\n|\n|t:|1776181368\n|switch|p1b: Basculegion|Basculegion, L50, M|100/100\n|turn|2\n|\n|t:|1776181388\n|move|p2b: Sneasler|Dire Claw|p1a: Floette\n|-supereffective|p1a: Floette|1\n|-damage|p1a: Floette|17/100\n|move|p1b: Basculegion|Wave Crash|p2b: Sneasler\n|-damage|p2b: Sneasler|0 fnt\n|faint|p2b: Sneasler\n|-damage|p1b: Basculegion|74/100|[from] Recoil\n|move|p1a: Floette|Moonblast|p2a: Farigiraf\n|-damage|p2a: Farigiraf|58/100\n|move|p2a: Farigiraf|Trick Room|p2a: Farigiraf\n|-fieldstart|move: Trick Room|[of] p2a: Farigiraf\n|\n|-heal|p2a: Farigiraf|64/100|[from] item: Leftovers\n|upkeep\n|\n|t:|1776181396\n|switch|p2b: Abomasnow|Abomasnow, L50, M|100/100\n|-weather|Snowscape|[from] ability: Snow Warning|[of] p2b: Abomasnow\n|turn|3\n|\n|t:|1776181410\n|detailschange|p2b: Abomasnow|Abomasnow-Mega, L50, M\n|-mega|p2b: Abomasnow|Abomasnow|Abomasite\n|move|p2b: Abomasnow|Giga Drain|p1b: Basculegion\n|-supereffective|p1b: Basculegion|1\n|-damage|p1b: Basculegion|0 fnt\n|faint|p1b: Basculegion\n|move|p2a: Farigiraf|Psychic Noise|p1a: Floette\n|-damage|p1a: Floette|0 fnt\n|faint|p1a: Floette\n|\n|-weather|Snowscape|[upkeep]\n|-heal|p2a: Farigiraf|70/100|[from] item: Leftovers\n|upkeep\n|\n|t:|1776181415\n|switch|p1b: Garchomp|Garchomp, L50, M|100/100\n|turn|4\n|c|\u2606monitar|is so unfair to fight a giraf and a fake outer\n|inactive|Battle timer is ON: inactive players will automatically lose when time's up. (requested by kronos22)\n|n|!monitar|monitar\n|-message|monitar forfeited.\n|\n|win|kronos22\n",
  "uploadtime": 1776181448,
  "views": 11,
  "formatid": "gen9championsvgc2026regma",
  "rating": null,
  "private": 0,
  "password": null
}