{
  "id": "gen9championsvgc2026regma-2582353941",
  "format": "[Gen 9 Champions] VGC 2026 Reg M-A",
  "players": [
    "ItzXeroo",
    "orpheus128"
  ],
  "log": "|j|\u2606ItzXeroo\n|j|\u2606orpheus128\n|t:|1776085839\n|gametype|doubles\n|player|p1|ItzXeroo|n|1137\n|player|p2|orpheus128|hilbert|1105\n|gen|9\n|tier|[Gen 9 Champions] VGC 2026 Reg M-A\n|rated|\n|rule|Species Clause: Limit one of each Pok\u00e9mon\n|rule|Item Clause: Limit 1 of each item\n|clearpoke\n|poke|p1|Sableye, L50, F|\n|poke|p1|Milotic, L50, F|\n|poke|p1|Garchomp, L50, F|\n|poke|p1|Espathra, L50, M|\n|poke|p1|Gardevoir, L50, M|\n|poke|p1|Charizard, L50, M|\n|poke|p2|Starmie, L50|\n|poke|p2|Kingambit, L50, M|\n|poke|p2|Sylveon, L50, F|\n|poke|p2|Incineroar, L50, F|\n|poke|p2|Sneasler, L50, F|\n|poke|p2|Sinistcha, L50|\n|teampreview|4\n|\n|t:|1776085878\n|teamsize|p1|4\n|teamsize|p2|4\n|start\n|switch|p1a: Sableye|Sableye, L50, F, shiny|100/100\n|switch|p1b: Milotic|Milotic, L50, F|100/100\n|switch|p2a: Big N Nasty|Starmie, L50, shiny|100/100\n|switch|p2b: Sylveon|Sylveon, L50, F|100/100\n|turn|1\n|\n|t:|1776085900\n|detailschange|p2a: Big N Nasty|Starmie-Mega, L50, shiny\n|-mega|p2a: Big N Nasty|Starmie|Starminite\n|move|p2b: Sylveon|Helping Hand|p2a: Big N Nasty\n|-singleturn|p2a: Big N Nasty|Helping Hand|[of] p2b: Sylveon\n|move|p2a: Big N Nasty|Liquidation|p1a: Sableye\n|-damage|p1a: Sableye|0 fnt\n|faint|p1a: Sableye\n|move|p1b: Milotic|Scald|p2b: Sylveon\n|-damage|p2b: Sylveon|77/100\n|\n|upkeep\n|-message|ItzXeroo forfeited.\n|\n|win|orpheus128\n|raw|ItzXeroo's rating: 1137 &rarr; <strong>1110</strong><br />(-27 for losing)\n|raw|orpheus128's rating: 1105 &rarr; <strong>1132</strong><br />(+27 for winning)\n|l|\u2606ItzXeroo\n|player|p1|\n",
  "uploadtime": 1776085928,
  "views": 17,
  "formatid": "gen9championsvgc2026regma",
  "rating": 1110,
  "private": 0,
  "password": null
}