{
  "id": "gen9championsvgc2026regma-2584882531",
  "format": "[Gen 9 Champions] VGC 2026 Reg M-A",
  "players": [
    "mrguy888",
    "BabyTronFanatic"
  ],
  "log": "|j|\u2606mrguy888\n|j|\u2606BabyTronFanatic\n|t:|1776291256\n|gametype|doubles\n|player|p1|mrguy888|noland-gen3|1133\n|player|p2|BabyTronFanatic|101|1071\n|gen|9\n|tier|[Gen 9 Champions] VGC 2026 Reg M-A\n|rated|\n|rule|Species Clause: Limit one of each Pok\u00e9mon\n|rule|Item Clause: Limit 1 of each item\n|clearpoke\n|poke|p1|Floette-Eternal, L50, F|\n|poke|p1|Aerodactyl, L50, F|\n|poke|p1|Garchomp, L50, M|\n|poke|p1|Tauros-Paldea-Aqua, L50, M|\n|poke|p1|Kangaskhan, L50, F|\n|poke|p1|Kingambit, L50, F|\n|poke|p2|Archaludon, L50, M|\n|poke|p2|Dragonite, L50, F|\n|poke|p2|Basculegion-F, L50, F|\n|poke|p2|Politoed, L50, M|\n|poke|p2|Meganium, L50, M|\n|poke|p2|Sneasler, L50, F|\n|teampreview|4\n|inactive|Battle timer is ON: inactive players will automatically lose when time's up. (requested by mrguy888)\nBabyTronFanatic has agreed to open team sheets.\n|inactive|mrguy888 has 60 seconds left.\n|\n|t:|1776291294\n|teamsize|p1|4\n|teamsize|p2|4\n|start\n|switch|p1a: Aerodactyl|Aerodactyl, L50, F|100/100\n|switch|p1b: Floette|Floette-Eternal, L50, F|100/100\n|switch|p2a: Politoed|Politoed, L50, M|100/100\n|switch|p2b: Basculegion|Basculegion-F, L50, F|100/100\n|-ability|p1a: Aerodactyl|Unnerve\n|-weather|RainDance|[from] ability: Drizzle|[of] p2a: Politoed\n|turn|1\n|inactive|BabyTronFanatic has 30 seconds left.\n|\n|t:|1776291325\n|detailschange|p1b: Floette|Floette-Mega, L50, F\n|-mega|p1b: Floette|Floette|Floettite\n|-ability|p1b: Floette|Fairy Aura\n|move|p1b: Floette|Protect|p1b: Floette\n|-singleturn|p1b: Floette|Protect\n|move|p2b: Basculegion|Shadow Ball|p1b: Floette\n|-activate|p1b: Floette|move: Protect\n|move|p1a: Aerodactyl|Tailwind|p1a: Aerodactyl\n|-sidestart|p1: mrguy888|move: Tailwind\n|move|p2a: Politoed|Weather Ball|p1a: Aerodactyl\n|-supereffective|p1a: Aerodactyl|1\n|-crit|p1a: Aerodactyl\n|-enditem|p1a: Aerodactyl|Focus Sash\n|-damage|p1a: Aerodactyl|1/100\n|\n|-weather|RainDance|[upkeep]\n|upkeep\n|turn|2\n|inactive|mrguy888 has 30 seconds left.\n|inactive|BabyTronFanatic has 30 seconds left.\n|\n|t:|1776291357\n|switch|p2a: Archaludon|Archaludon, L50, M|100/100\n|move|p1a: Aerodactyl|Rock Slide|p2b: Basculegion|[spread] p2a,p2b\n|-resisted|p2a: Archaludon|1\n|-crit|p2a: Archaludon\n|-damage|p2a: Archaludon|85/100\n|-damage|p2b: Basculegion|66/100\n|move|p1b: Floette|Moonblast|p2b: Basculegion\n|-crit|p2b: Basculegion\n|-damage|p2b: Basculegion|0 fnt\n|faint|p2b: Basculegion\n|\n|-weather|RainDance|[upkeep]\n|upkeep\n|\n|t:|1776291374\n|switch|p2b: Politoed|Politoed, L50, M|100/100\n|turn|3\n|\n|t:|1776291386\n|move|p2b: Politoed|Helping Hand|p2a: Archaludon\n|-singleturn|p2a: Archaludon|Helping Hand|[of] p2b: Politoed\n|move|p1a: Aerodactyl|Dual Wingbeat|p2b: Politoed\n|-damage|p2b: Politoed|78/100\n|-damage|p2b: Politoed|58/100\n|-hitcount|p2b: Politoed|2\n|move|p1b: Floette|Moonblast|p2a: Archaludon\n|-damage|p2a: Archaludon|0 fnt\n|faint|p2a: Archaludon\n|\n|-weather|RainDance|[upkeep]\n|upkeep\n|\n|t:|1776291402\n|switch|p2a: Dragonite|Dragonite, L50, F|100/100\n|turn|4\n|\n|t:|1776291410\n|detailschange|p2a: Dragonite|Dragonite-Mega, L50, F\n|-mega|p2a: Dragonite|Dragonite|Dragoninite\n|move|p2b: Politoed|Helping Hand|p2a: Dragonite\n|-singleturn|p2a: Dragonite|Helping Hand|[of] p2b: Politoed\n|move|p2a: Dragonite|Extreme Speed|p1b: Floette\n|-damage|p1b: Floette|42/100\n|move|p1a: Aerodactyl|Rock Slide|p2a: Dragonite|[spread] p2a,p2b\n|-supereffective|p2a: Dragonite|1\n|-damage|p2a: Dragonite|77/100\n|-damage|p2b: Politoed|28/100\n|move|p1b: Floette|Dazzling Gleam|p2a: Dragonite|[spread] p2a,p2b\n|-supereffective|p2a: Dragonite|1\n|-damage|p2a: Dragonite|0 fnt\n|-damage|p2b: Politoed|0 fnt\n|faint|p2a: Dragonite\n|faint|p2b: Politoed\n|\n|win|mrguy888\n|raw|mrguy888's rating: 1133 &rarr; <strong>1154</strong><br />(+21 for winning)\n|raw|BabyTronFanatic's rating: 1071 &rarr; <strong>1054</strong><br />(-17 for losing)\n|l|\u2606BabyTronFanatic\n|player|p2|\n",
  "uploadtime": 1776291442,
  "views": 25,
  "formatid": "gen9championsvgc2026regma",
  "rating": 1054,
  "private": 0,
  "password": null
}