{
  "id": "gen9championsvgc2026regma-2584385523",
  "format": "[Gen 9 Champions] VGC 2026 Reg M-A",
  "players": [
    "Profe_Philip",
    "Nhatpia"
  ],
  "log": "|j|\u2606Profe_Philip\n|j|\u2606Nhatpia\n|t:|1776256925\n|gametype|doubles\n|player|p1|Profe_Philip|unknown|1161\n|player|p2|Nhatpia|swimmerf|1125\n|gen|9\n|tier|[Gen 9 Champions] VGC 2026 Reg M-A\n|rated|\n|rule|Species Clause: Limit one of each Pok\u00e9mon\n|rule|Item Clause: Limit 1 of each item\n|clearpoke\n|poke|p1|Zoroark-Hisui, L50, F|\n|poke|p1|Whimsicott, L50, F|\n|poke|p1|Chimecho, L50, F|\n|poke|p1|Incineroar, L50, M|\n|poke|p1|Garchomp, L50, M|\n|poke|p1|Sinistcha, L50|\n|poke|p2|Houndoom, L50, F|\n|poke|p2|Ninetales, L50, F|\n|poke|p2|Victreebel, L50, F|\n|poke|p2|Hydreigon, L50, F|\n|poke|p2|Krookodile, L50, F|\n|poke|p2|Toxicroak, L50, F|\n|teampreview|4\n|\n|t:|1776256969\n|teamsize|p1|4\n|teamsize|p2|4\n|start\n|switch|p1a: Sinistcha|Sinistcha, L50|100/100\n|switch|p1b: Whimsicott|Whimsicott, L50, F, shiny|100/100\n|switch|p2a: Hydreigon|Hydreigon, L50, F, shiny|100/100\n|switch|p2b: Toxicroak|Toxicroak, L50, F, shiny|100/100\n|turn|1\n|\n|t:|1776257001\n|move|p2b: Toxicroak|Sucker Punch|p1b: Whimsicott\n|-supereffective|p1b: Whimsicott|1\n|-damage|p1b: Whimsicott|10/100\n|replace|p1b: Last Surprise|Zoroark-Hisui, L50, F, shiny\n|-end|p1b: Last Surprise|Illusion\n|move|p1b: Last Surprise|Icy Wind|p2b: Toxicroak|[spread] p2a,p2b\n|-supereffective|p2a: Hydreigon|1\n|-damage|p2a: Hydreigon|71/100\n|-damage|p2b: Toxicroak|81/100\n|-unboost|p2a: Hydreigon|spe|1\n|-unboost|p2b: Toxicroak|spe|1\n|-enditem|p2b: Toxicroak|White Herb\n|-clearnegativeboost|p2b: Toxicroak|[silent]\n|move|p2a: Hydreigon|Snarl|p1a: Sinistcha|[spread] p1a,p1b\n|-supereffective|p1a: Sinistcha|1\n|-supereffective|p1b: Last Surprise|1\n|-damage|p1a: Sinistcha|56/100\n|-damage|p1b: Last Surprise|0 fnt\n|-unboost|p1a: Sinistcha|spa|1\n|faint|p1b: Last Surprise\n|move|p1a: Sinistcha|Matcha Gotcha|p2a: Hydreigon|[spread] p2a,p2b\n|-resisted|p2a: Hydreigon|1\n|-resisted|p2b: Toxicroak|1\n|-damage|p2a: Hydreigon|61/100\n|-heal|p1a: Sinistcha|61/100|[from] drain|[of] p2a: Hydreigon\n|-damage|p2b: Toxicroak|66/100\n|-heal|p1a: Sinistcha|67/100|[from] drain|[of] p2b: Toxicroak\n|\n|-heal|p1a: Sinistcha|74/100|[from] item: Leftovers\n|upkeep\n|\n|t:|1776257016\n|switch|p1b: Chimecho|Chimecho, L50, F|100/100\n|turn|2\n|\n|t:|1776257041\n|detailschange|p1b: Chimecho|Chimecho-Mega, L50, F\n|-mega|p1b: Chimecho|Chimecho|Chimechite\n|move|p2b: Toxicroak|Gunk Shot|p1b: Chimecho\n|-immune|p1b: Chimecho\n|move|p1b: Chimecho|Flash Cannon|p2a: Hydreigon\n|-damage|p2a: Hydreigon|18/100\n|-unboost|p2a: Hydreigon|spd|1\n|move|p2a: Hydreigon|Tailwind|p2a: Hydreigon\n|-sidestart|p2: Nhatpia|move: Tailwind\n|move|p1a: Sinistcha|Matcha Gotcha|p2a: Hydreigon|[spread] p2a,p2b\n|-resisted|p2a: Hydreigon|1\n|-resisted|p2b: Toxicroak|1\n|-damage|p2a: Hydreigon|2/100\n|-heal|p1a: Sinistcha|82/100|[from] drain|[of] p2a: Hydreigon\n|-damage|p2b: Toxicroak|51/100\n|-heal|p1a: Sinistcha|89/100|[from] drain|[of] p2b: Toxicroak\n|-status|p2a: Hydreigon|brn\n|\n|-heal|p1a: Sinistcha|95/100|[from] item: Leftovers\n|-damage|p2a: Hydreigon|0 fnt|[from] brn\n|faint|p2a: Hydreigon\n|upkeep\n|\n|t:|1776257052\n|switch|p2a: Ch\u1ed9 \u0111\u00f3|Houndoom, L50, F, shiny|100/100\n|-ability|p2a: Ch\u1ed9 \u0111\u00f3|Unnerve\n|turn|3\n|\n|t:|1776257070\n|switch|p2b: Ninetales|Ninetales, L50, F, shiny|100/100\n|-weather|SunnyDay|[from] ability: Drought|[of] p2b: Ninetales\n|detailschange|p2a: Ch\u1ed9 \u0111\u00f3|Houndoom-Mega, L50, F, shiny\n|-mega|p2a: Ch\u1ed9 \u0111\u00f3|Houndoom|Houndoominite\n|move|p1a: Sinistcha|Rage Powder|p1a: Sinistcha\n|-singleturn|p1a: Sinistcha|move: Rage Powder\n|move|p2a: Ch\u1ed9 \u0111\u00f3|Heat Wave|p1b: Chimecho|[spread] p1a,p1b\n|-supereffective|p1a: Sinistcha|1\n|-supereffective|p1b: Chimecho|1\n|-damage|p1a: Sinistcha|0 fnt\n|-damage|p1b: Chimecho|0 fnt\n|faint|p1a: Sinistcha\n|faint|p1b: Chimecho\n|\n|-weather|SunnyDay|[upkeep]\n|-damage|p2a: Ch\u1ed9 \u0111\u00f3|89/100|[from] ability: Solar Power|[of] p2a: Ch\u1ed9 \u0111\u00f3\n|upkeep\n|-message|Profe_Philip forfeited.\n|\n|win|Nhatpia\n|raw|Profe_Philip's rating: 1161 &rarr; <strong>1133</strong><br />(-28 for losing)\n|raw|Nhatpia's rating: 1125 &rarr; <strong>1153</strong><br />(+28 for winning)\n|l|\u2606Profe_Philip\n|player|p1|\n",
  "uploadtime": 1776257090,
  "views": 26,
  "formatid": "gen9championsvgc2026regma",
  "rating": 1133,
  "private": 0,
  "password": null
}