{
  "id": "gen9championsvgc2026regma-2587868866",
  "format": "[Gen 9 Champions] VGC 2026 Reg M-A",
  "players": [
    "yumimoto",
    "Sethwell"
  ],
  "log": "|j|\u203dyumimoto\n|j|\u2606Sethwell\n|t:|1776572604\n|gametype|doubles\n|player|p1|yumimoto|lucas|1684\n|player|p2|Sethwell|blue|1662\n|gen|9\n|tier|[Gen 9 Champions] VGC 2026 Reg M-A\n|rated|\n|rule|Species Clause: Limit one of each Pok\u00e9mon\n|rule|Item Clause: Limit 1 of each item\n|clearpoke\n|poke|p1|Charizard, L50, F|\n|poke|p1|Scovillain, L50, M|\n|poke|p1|Aegislash, L50, M|\n|poke|p1|Kingambit, L50, M|\n|poke|p1|Basculegion-F, L50, F|\n|poke|p1|Sylveon, L50, F|\n|poke|p2|Blastoise, L50, F|\n|poke|p2|Whimsicott, L50, M|\n|poke|p2|Incineroar, L50, F|\n|poke|p2|Sneasler, L50, M|\n|poke|p2|Kingambit, L50, F|\n|poke|p2|Sinistcha, L50|\n|teampreview|4\n|inactive|Battle timer is ON: inactive players will automatically lose when time's up. (requested by Sethwell)\n|inactive|yumimoto has 60 seconds left.\n|\n|t:|1776572639\n|teamsize|p1|4\n|teamsize|p2|4\n|start\n|switch|p1a: Charizard|Charizard, L50, F|100/100\n|switch|p1b: Aegislash|Aegislash, L50, M|100/100\n|switch|p2a: Sneasler|Sneasler, L50, M|100/100\n|switch|p2b: Blastoise|Blastoise, L50, F|100/100\n|turn|1\n|\n|t:|1776572660\n|detailschange|p1a: Charizard|Charizard-Mega-Y, L50, F\n|-mega|p1a: Charizard|Charizard|Charizardite Y\n|-weather|SunnyDay|[from] ability: Drought|[of] p1a: Charizard\n|detailschange|p2b: Blastoise|Blastoise-Mega, L50, F\n|-mega|p2b: Blastoise|Blastoise|Blastoisinite\n|move|p2a: Sneasler|Rock Tomb|p1a: Charizard\n|-supereffective|p1a: Charizard|2\n|-damage|p1a: Charizard|0 fnt\n|faint|p1a: Charizard\n|move|p2b: Blastoise|Shell Smash|p2b: Blastoise\n|-unboost|p2b: Blastoise|def|1\n|-unboost|p2b: Blastoise|spd|1\n|-boost|p2b: Blastoise|atk|2\n|-boost|p2b: Blastoise|spa|2\n|-boost|p2b: Blastoise|spe|2\n|-formechange|p1b: Aegislash|Aegislash-Blade|\n|move|p1b: Aegislash|Poltergeist|p2b: Blastoise|[miss]\n|-miss|p1b: Aegislash|p2b: Blastoise\n|\n|-weather|SunnyDay|[upkeep]\n|upkeep\n|-message|yumimoto forfeited.\n|\n|win|Sethwell\n|raw|yumimoto's rating: 1684 &rarr; <strong>1663</strong><br />(-21 for losing)\n|raw|Sethwell's rating: 1662 &rarr; <strong>1683</strong><br />(+21 for winning)\n|l|\u203dyumimoto\n|player|p1|\n|l|\u2606Sethwell\n|player|p2|\n",
  "uploadtime": 1776572684,
  "views": 91,
  "formatid": "gen9championsvgc2026regma",
  "rating": 1663,
  "private": 0,
  "password": null
}