{
  "id": "gen9championsvgc2026regma-2585358921",
  "format": "[Gen 9 Champions] VGC 2026 Reg M-A",
  "players": [
    "jruey",
    "gafdhbafdwaWD"
  ],
  "log": "|j|\u2606jruey\n|j|\u2606gafdhbafdwaWD\n|t:|1776341106\n|gametype|doubles\n|player|p1|jruey|169|1000\n|player|p2|gafdhbafdwaWD|2|1079\n|gen|9\n|tier|[Gen 9 Champions] VGC 2026 Reg M-A\n|rated|\n|rule|Species Clause: Limit one of each Pok\u00e9mon\n|rule|Item Clause: Limit 1 of each item\n|clearpoke\n|poke|p1|Sneasler, L50, M|\n|poke|p1|Glimmora, L50, F|\n|poke|p1|Arcanine-Hisui, L50, F|\n|poke|p1|Sinistcha, L50|\n|poke|p1|Whimsicott, L50, F|\n|poke|p1|Archaludon, L50, M|\n|poke|p2|Charizard, L50, M|\n|poke|p2|Sneasler, L50, M|\n|poke|p2|Sinistcha, L50|\n|poke|p2|Krookodile, L50, F|\n|poke|p2|Palafin, L50, M|\n|poke|p2|Noivern, L50, F|\n|teampreview|4\n|inactive|Battle timer is ON: inactive players will automatically lose when time's up. (requested by gafdhbafdwaWD)\n|inactive|jruey has 60 seconds left.\n|\n|t:|1776341159\n|teamsize|p1|4\n|teamsize|p2|4\n|start\n|switch|p1a: Whimsicott|Whimsicott, L50, F|100/100\n|switch|p1b: Archaludon|Archaludon, L50, M|100/100\n|switch|p2a: Charizard|Charizard, L50, M, shiny|100/100\n|switch|p2b: Sneasler|Sneasler, L50, M|100/100\n|turn|1\n|inactive|jruey has 30 seconds left.\n|\n|t:|1776341186\n|detailschange|p2a: Charizard|Charizard-Mega-X, L50, M, shiny\n|-mega|p2a: Charizard|Charizard|Charizardite X\n|move|p1a: Whimsicott|Protect|p1a: Whimsicott\n|-singleturn|p1a: Whimsicott|Protect\n|move|p2b: Sneasler|Close Combat|p1b: Archaludon\n|-supereffective|p1b: Archaludon|1\n|-damage|p1b: Archaludon|42/100\n|-unboost|p2b: Sneasler|def|1\n|-unboost|p2b: Sneasler|spd|1\n|-ability|p1b: Archaludon|Stamina|boost\n|-boost|p1b: Archaludon|def|1\n|-enditem|p2b: Sneasler|White Herb\n|-clearnegativeboost|p2b: Sneasler|[silent]\n|move|p2a: Charizard|Flare Blitz|p1b: Archaludon\n|-crit|p1b: Archaludon\n|-damage|p1b: Archaludon|0 fnt\n|faint|p1b: Archaludon\n|-damage|p2a: Charizard|84/100|[from] Recoil\n|\n|upkeep\n|\n|t:|1776341204\n|switch|p1b: Sneasler|Sneasler, L50, M|100/100\n|turn|2\n|\n|t:|1776341224\n|move|p1a: Whimsicott|Tailwind|p1a: Whimsicott\n|-sidestart|p1: jruey|move: Tailwind\n|move|p2b: Sneasler|Dire Claw|p1a: Whimsicott\n|-supereffective|p1a: Whimsicott|2\n|-damage|p1a: Whimsicott|0 fnt\n|faint|p1a: Whimsicott\n|move|p1b: Sneasler|Close Combat|p2a: Charizard\n|-damage|p2a: Charizard|19/100\n|-unboost|p1b: Sneasler|def|1\n|-unboost|p1b: Sneasler|spd|1\n|-enditem|p1b: Sneasler|White Herb\n|-clearnegativeboost|p1b: Sneasler|[silent]\n|move|p2a: Charizard|Flare Blitz|p1b: Sneasler\n|-damage|p1b: Sneasler|0 fnt\n|faint|p1b: Sneasler\n|-damage|p2a: Charizard|0 fnt|[from] Recoil\n|faint|p2a: Charizard\n|\n|upkeep\n|\n|t:|1776341244\n|switch|p2a: Sinistcha|Sinistcha, L50|100/100\n|switch|p1a: Glimmora|Glimmora, L50, F|100/100\n|turn|3\n|\n|t:|1776341264\n|move|p2b: Sneasler|Close Combat|p1a: Glimmora\n|-crit|p1a: Glimmora\n|-damage|p1a: Glimmora|12/100\n|-unboost|p2b: Sneasler|def|1\n|-unboost|p2b: Sneasler|spd|1\n|-activate|p1a: Glimmora|ability: Toxic Debris\n|-sidestart|p2: gafdhbafdwaWD|move: Toxic Spikes\n|move|p1a: Glimmora|Sludge Bomb|p2a: Sinistcha\n|-damage|p2a: Sinistcha|49/100\n|move|p2a: Sinistcha|Matcha Gotcha|p1a: Glimmora|[miss]\n|-miss|p2a: Sinistcha|p1a: Glimmora\n|\n|upkeep\n|turn|4\n|inactive|jruey has 30 seconds left.\n|inactive|jruey has 20 seconds left.\n|inactive|jruey has 15 seconds left.\n|inactive|jruey has 10 seconds left.\n|inactive|jruey has 5 seconds left.\n|\n|t:|1776341319\n|move|p2a: Sinistcha|Rage Powder|p2a: Sinistcha\n|-singleturn|p2a: Sinistcha|move: Rage Powder\n|move|p2b: Sneasler|Close Combat|p1a: Glimmora\n|-damage|p1a: Glimmora|0 fnt\n|-unboost|p2b: Sneasler|def|1\n|-unboost|p2b: Sneasler|spd|1\n|-activate|p1a: Glimmora|ability: Toxic Debris\n|-sidestart|p2: gafdhbafdwaWD|move: Toxic Spikes\n|faint|p1a: Glimmora\n|\n|win|gafdhbafdwaWD\n|raw|jruey's rating: 1000 &rarr; <strong>1000</strong><br />(+0 for losing)\n|raw|gafdhbafdwaWD's rating: 1058 &rarr; <strong>1084</strong><br />(+26 for winning)\n",
  "uploadtime": 1776341368,
  "views": 33,
  "formatid": "gen9championsvgc2026regma",
  "rating": 1000,
  "private": 0,
  "password": null
}