{
  "id": "gen9championsvgc2026regma-2588544429",
  "format": "[Gen 9 Champions] VGC 2026 Reg M-A",
  "players": [
    "slothpk",
    "Jojo_Hero"
  ],
  "log": "|j|\u2606slothpk\n|j|\u2606Jojo_Hero\n|t:|1776643464\n|gametype|doubles\n|player|p1|slothpk|170|1048\n|player|p2|Jojo_Hero|youngcouple|1121\n|gen|9\n|tier|[Gen 9 Champions] VGC 2026 Reg M-A\n|rated|\n|rule|Species Clause: Limit one of each Pok\u00e9mon\n|rule|Item Clause: Limit 1 of each item\n|clearpoke\n|poke|p1|Scovillain, L50, F|\n|poke|p1|Sinistcha, L50|\n|poke|p1|Aerodactyl, L50, M|\n|poke|p1|Sneasler, L50, M|\n|poke|p1|Luxray, L50, F|\n|poke|p1|Archaludon, L50, F|\n|poke|p2|Blastoise, L50, M|\n|poke|p2|Basculegion, L50, M|\n|poke|p2|Pelipper, L50, M|\n|poke|p2|Sinistcha-Masterpiece, L50|\n|poke|p2|Archaludon, L50, M, shiny|\n|poke|p2|Aerodactyl, L50, M|\n|teampreview|4\nJojo_Hero rejected open team sheets.\n|inactive|Battle timer is ON: inactive players will automatically lose when time's up. (requested by Jojo_Hero)\n|\n|t:|1776643512\n|teamsize|p1|4\n|teamsize|p2|4\n|start\n|switch|p1a: Scovillain|Scovillain, L50, F|100/100\n|switch|p1b: Luxray|Luxray, L50, F|100/100\n|switch|p2a: Pelipper|Pelipper, L50, M|100/100\n|switch|p2b: Archaludon|Archaludon, L50, M, shiny|100/100\n|-weather|RainDance|[from] ability: Drizzle|[of] p2a: Pelipper\n|turn|1\n|\n|t:|1776643537\n|detailschange|p1a: Scovillain|Scovillain-Mega, L50, F\n|-mega|p1a: Scovillain|Scovillain|Scovillainite\n|move|p2b: Archaludon|Protect|p2b: Archaludon\n|-singleturn|p2b: Archaludon|Protect\n|move|p1a: Scovillain|Leech Seed|p2b: Archaludon\n|-activate|p2b: Archaludon|move: Protect\n|move|p2a: Pelipper|Tailwind|p2a: Pelipper\n|-sidestart|p2: Jojo_Hero|move: Tailwind\n|move|p1b: Luxray|Light Screen|p1b: Luxray\n|-sidestart|p1: slothpk|move: Light Screen\n|\n|-weather|RainDance|[upkeep]\n|upkeep\n|turn|2\n|\n|t:|1776643571\n|move|p2b: Archaludon|Electro Shot||[still]\n|-prepare|p2b: Archaludon|Electro Shot\n|-boost|p2b: Archaludon|spa|1\n|-anim|p2b: Archaludon|Electro Shot|p1a: Scovillain\n|-resisted|p1a: Scovillain|1\n|-damage|p1a: Scovillain|72/100\n|-status|p2b: Archaludon|brn|[from] ability: Spicy Spray|[of] p1a: Scovillain\n|move|p2a: Pelipper|Hurricane|p1a: Scovillain\n|-supereffective|p1a: Scovillain|1\n|-damage|p1a: Scovillain|0 fnt\n|-status|p2a: Pelipper|brn|[from] ability: Spicy Spray|[of] p1a: Scovillain\n|faint|p1a: Scovillain\n|move|p1b: Luxray|Trailblaze|p1: Scovillain|[notarget]\n|-fail|p1b: Luxray\n|\n|-weather|RainDance|[upkeep]\n|-damage|p2b: Archaludon|94/100 brn|[from] brn\n|-damage|p2a: Pelipper|95/100 brn|[from] brn\n|upkeep\n|\n|t:|1776643584\n|switch|p1a: Archaludon|Archaludon, L50, F|100/100\n|turn|3\n|-message|slothpk forfeited.\n|\n|win|Jojo_Hero\n|raw|slothpk's rating: 1048 &rarr; <strong>1034</strong><br />(-14 for losing)\n|raw|Jojo_Hero's rating: 1121 &rarr; <strong>1141</strong><br />(+20 for winning)\n|l|\u2606slothpk\n|player|p1|\n",
  "uploadtime": 1776643602,
  "views": 6,
  "formatid": "gen9championsvgc2026regma",
  "rating": 1034,
  "private": 0,
  "password": null
}