{
  "id": "gen9championsvgc2026regma-2587442192",
  "format": "[Gen 9 Champions] VGC 2026 Reg M-A",
  "players": [
    "Mudkip_137",
    "wasike23"
  ],
  "log": "|j|\u2606Mudkip_137\n|j|\u2606wasike23\n|t:|1776532151\n|gametype|doubles\n|player|p1|Mudkip_137|jasmine|1103\n|player|p2|wasike23|iris|1064\n|gen|9\n|tier|[Gen 9 Champions] VGC 2026 Reg M-A\n|rated|\n|rule|Species Clause: Limit one of each Pok\u00e9mon\n|rule|Item Clause: Limit 1 of each item\n|clearpoke\n|poke|p1|Starmie, L50|\n|poke|p1|Incineroar, L50, M|\n|poke|p1|Sneasler, L50, F|\n|poke|p1|Aegislash, L50, M|\n|poke|p1|Venusaur, L50, F|\n|poke|p1|Snorlax, L50, F|\n|poke|p2|Gengar, L50, F, shiny|\n|poke|p2|Incineroar, L50, F|\n|poke|p2|Tyranitar, L50, M|\n|poke|p2|Sinistcha-Masterpiece, L50|\n|poke|p2|Kingambit, L50, F, shiny|\n|poke|p2|Kommo-o, L50, F|\n|teampreview|4\nwasike23 rejected open team sheets.\n|inactive|Battle timer is ON: inactive players will automatically lose when time's up. (requested by wasike23)\n|inactive|Mudkip_137 has 60 seconds left.\n|\n|t:|1776532258\n|teamsize|p1|4\n|teamsize|p2|4\n|start\n|switch|p1a: Sneasler|Sneasler, L50, F|100/100\n|switch|p1b: Starmie|Starmie, L50|100/100\n|switch|p2a: Incineroar|Incineroar, L50, F|100/100\n|switch|p2b: Tyranitar|Tyranitar, L50, M|100/100\n|-weather|Sandstorm|[from] ability: Sand Stream|[of] p2b: Tyranitar\n|-ability|p2a: Incineroar|Intimidate|boost\n|-unboost|p1a: Sneasler|atk|1\n|-unboost|p1b: Starmie|atk|1\n|-enditem|p1a: Sneasler|White Herb\n|-clearnegativeboost|p1a: Sneasler|[silent]\n|turn|1\n|inactive|wasike23 has 30 seconds left.\n|inactive|wasike23 has 20 seconds left.\n|\n|t:|1776532294\n|switch|p1b: Incineroar|Incineroar, L50, M|100/100\n|-ability|p1b: Incineroar|Intimidate|boost\n|-unboost|p2a: Incineroar|atk|1\n|-unboost|p2b: Tyranitar|atk|1\n|move|p1a: Sneasler|Fake Out|p2a: Incineroar\n|-damage|p2a: Incineroar|88/100\n|move|p2b: Tyranitar|Rock Slide|p1b: Incineroar|[spread] p1a,p1b\n|-resisted|p1a: Sneasler|1\n|-supereffective|p1b: Incineroar|1\n|-damage|p1a: Sneasler|83/100\n|-damage|p1b: Incineroar|60/100\n|cant|p2a: Incineroar|flinch\n|\n|-weather|Sandstorm|[upkeep]\n|-damage|p1a: Sneasler|78/100|[from] Sandstorm\n|-damage|p1b: Incineroar|54/100|[from] Sandstorm\n|-damage|p2a: Incineroar|82/100|[from] Sandstorm\n|upkeep\n|turn|2\n|\n|t:|1776532316\n|move|p1b: Incineroar|Fake Out|p2a: Incineroar\n|-damage|p2a: Incineroar|70/100\n|move|p1a: Sneasler|Close Combat|p2b: Tyranitar\n|-supereffective|p2b: Tyranitar|2\n|-damage|p2b: Tyranitar|0 fnt\n|-unboost|p1a: Sneasler|def|1\n|-unboost|p1a: Sneasler|spd|1\n|faint|p2b: Tyranitar\n|cant|p2a: Incineroar|flinch\n|\n|-weather|Sandstorm|[upkeep]\n|-damage|p1a: Sneasler|72/100|[from] Sandstorm\n|-damage|p1b: Incineroar|48/100|[from] Sandstorm\n|-damage|p2a: Incineroar|64/100|[from] Sandstorm\n|-enditem|p1b: Incineroar|Sitrus Berry|[eat]\n|-heal|p1b: Incineroar|73/100|[from] item: Sitrus Berry\n|upkeep\n|\n|t:|1776532333\n|switch|p2b: Gengar|Gengar, L50, F, shiny|100/100\n|turn|3\n|inactive|wasike23 has 30 seconds left.\n|\n|t:|1776532358\n|detailschange|p2b: Gengar|Gengar-Mega, L50, F, shiny\n|-mega|p2b: Gengar|Gengar|Gengarite\n|move|p1a: Sneasler|Close Combat|p2a: Incineroar\n|-supereffective|p2a: Incineroar|1\n|-damage|p2a: Incineroar|0 fnt\n|-unboost|p1a: Sneasler|def|1\n|-unboost|p1a: Sneasler|spd|1\n|faint|p2a: Incineroar\n|move|p2b: Gengar|Perish Song|p2b: Gengar\n|-start|p1a: Sneasler|perish3|[silent]\n|-start|p1b: Incineroar|perish3|[silent]\n|-start|p2b: Gengar|perish3|[silent]\n|-fieldactivate|move: Perish Song\n|move|p1b: Incineroar|Darkest Lariat|p2b: Gengar\n|-supereffective|p2b: Gengar|1\n|-crit|p2b: Gengar\n|-damage|p2b: Gengar|0 fnt\n|faint|p2b: Gengar\n|\n|-weather|Sandstorm|[upkeep]\n|-damage|p1a: Sneasler|66/100|[from] Sandstorm\n|-damage|p1b: Incineroar|66/100|[from] Sandstorm\n|-start|p1a: Sneasler|perish3\n|-start|p1b: Incineroar|perish3\n|upkeep\n|l|\u2606wasike23\n|inactive|wasike23 disconnected and has a minute to reconnect!\n|player|p2|\n|inactive|wasike23 has 30 seconds left.\n|inactive|wasike23 has 20 seconds left.\n|inactive|wasike23 has 15 seconds left.\n|inactive|wasike23 has 10 seconds left.\n|inactive|wasike23 has 5 seconds left.\n|-message|wasike23 lost due to inactivity.\n|\n|win|Mudkip_137\n|raw|Mudkip_137's rating: 1103 &rarr; <strong>1125</strong><br />(+22 for winning)\n|raw|wasike23's rating: 1064 &rarr; <strong>1047</strong><br />(-17 for losing)\n",
  "uploadtime": 1776532416,
  "views": 17,
  "formatid": "gen9championsvgc2026regma",
  "rating": 1047,
  "private": 0,
  "password": null
}