{
  "id": "gen9championsvgc2026regma-2583829870",
  "format": "[Gen 9 Champions] VGC 2026 Reg M-A",
  "players": [
    "freead",
    "Payneless"
  ],
  "log": "|j|\u2606freead\n|j|\u2606Payneless\n|t:|1776201011\n|gametype|doubles\n|player|p1|freead|ghetsis|1090\n|player|p2|Payneless|gambler|1128\n|gen|9\n|tier|[Gen 9 Champions] VGC 2026 Reg M-A\n|rated|\n|rule|Species Clause: Limit one of each Pok\u00e9mon\n|rule|Item Clause: Limit 1 of each item\n|clearpoke\n|poke|p1|Garchomp, L50, F|\n|poke|p1|Rotom-Frost, L50|\n|poke|p1|Froslass, L50, F|\n|poke|p1|Basculegion, L50, M|\n|poke|p1|Orthworm, L50, F|\n|poke|p1|Incineroar, L50, F|\n|poke|p2|Glimmora, L50, F|\n|poke|p2|Typhlosion-Hisui, L50, F|\n|poke|p2|Whimsicott, L50, M|\n|poke|p2|Farigiraf, L50, F|\n|poke|p2|Decidueye-Hisui, L50, F|\n|poke|p2|Meganium, L50, F|\n|teampreview|4\n|\n|t:|1776201073\n|teamsize|p1|4\n|teamsize|p2|4\n|start\n|switch|p1a: Incineroar|Incineroar, L50, F|100/100\n|switch|p1b: Basculegion|Basculegion, L50, M|100/100\n|switch|p2a: TopsyTurvy|Farigiraf, L50, F|100/100\n|switch|p2b: PraiseSun|Meganium, L50, F|100/100\n|-ability|p1a: Incineroar|Intimidate|boost\n|-unboost|p2a: TopsyTurvy|atk|1\n|-unboost|p2b: PraiseSun|atk|1\n|turn|1\n|\n|t:|1776201105\n|switch|p1b: Garchomp|Garchomp, L50, F|100/100\n|detailschange|p2b: PraiseSun|Meganium-Mega, L50, F\n|-mega|p2b: PraiseSun|Meganium|Meganiumite\n|move|p2b: PraiseSun|Dazzling Gleam|p1a: Incineroar|[spread] p1a,p1b\n|-crit|p1a: Incineroar\n|-supereffective|p1b: Garchomp|1\n|-damage|p1a: Incineroar|48/100\n|-damage|p1b: Garchomp|19/100\n|move|p1a: Incineroar|Flare Blitz|p2b: PraiseSun\n|-supereffective|p2b: PraiseSun|1\n|-damage|p2b: PraiseSun|11/100\n|-damage|p1a: Incineroar|18/100|[from] Recoil\n|move|p2a: TopsyTurvy|Trick Room|p2a: TopsyTurvy\n|-fieldstart|move: Trick Room|[of] p2a: TopsyTurvy\n|\n|upkeep\n|turn|2\n|\n|t:|1776201151\n|switch|p1b: Basculegion|Basculegion, L50, M|100/100\n|move|p2b: PraiseSun|Protect|p2b: PraiseSun\n|-singleturn|p2b: PraiseSun|Protect\n|move|p2a: TopsyTurvy|Foul Play|p1a: Incineroar\n|-resisted|p1a: Incineroar|1\n|-damage|p1a: Incineroar|6/100\n|move|p1a: Incineroar|Flare Blitz|p2b: PraiseSun\n|-activate|p2b: PraiseSun|move: Protect\n|\n|upkeep\n|turn|3\n|\n|t:|1776201171\n|move|p2a: TopsyTurvy|Foul Play|p1a: Incineroar\n|-resisted|p1a: Incineroar|1\n|-damage|p1a: Incineroar|0 fnt\n|faint|p1a: Incineroar\n|move|p2b: PraiseSun|Solar Beam||[still]\n|-prepare|p2b: PraiseSun|Solar Beam\n|-activate|p2b: PraiseSun|ability: Mega Sol\n|-anim|p2b: PraiseSun|Solar Beam|p1b: Basculegion\n|-supereffective|p1b: Basculegion|1\n|-damage|p1b: Basculegion|0 fnt\n|faint|p1b: Basculegion\n|\n|upkeep\n|-message|freead forfeited.\n|\n|win|Payneless\n|raw|freead's rating: 1090 &rarr; <strong>1069</strong><br />(-21 for losing)\n|raw|Payneless's rating: 1128 &rarr; <strong>1150</strong><br />(+22 for winning)\n|l|\u2606freead\n|player|p1|\n",
  "uploadtime": 1776201193,
  "views": 20,
  "formatid": "gen9championsvgc2026regma",
  "rating": 1069,
  "private": 0,
  "password": null
}