{
  "id": "gen9championsvgc2026regma-2583441992",
  "format": "[Gen 9 Champions] VGC 2026 Reg M-A",
  "players": [
    "PhoenicisVolatus27",
    "Montztar"
  ],
  "log": "|j|\u203dPhoenicisVolatus27\n|j|\u2606Montztar\n|t:|1776175913\n|gametype|doubles\n|player|p1|PhoenicisVolatus27|265|1084\n|player|p2|Montztar|swimmerf-gen4dp|1018\n|gen|9\n|tier|[Gen 9 Champions] VGC 2026 Reg M-A\n|rated|\n|rule|Species Clause: Limit one of each Pok\u00e9mon\n|rule|Item Clause: Limit 1 of each item\n|clearpoke\n|poke|p1|Golurk, L50|\n|poke|p1|Torkoal, L50, F|\n|poke|p1|Mimikyu, L50, F|\n|poke|p1|Farigiraf, L50, M|\n|poke|p1|Venusaur, L50, M|\n|poke|p1|Charizard, L50, F|\n|poke|p2|Froslass, L50, F|\n|poke|p2|Incineroar, L50, F|\n|poke|p2|Garchomp, L50, M|\n|poke|p2|Orthworm, L50, F|\n|poke|p2|Basculegion, L50, M|\n|poke|p2|Rotom-Frost, L50|\n|teampreview|4\n|\n|t:|1776175947\n|teamsize|p1|4\n|teamsize|p2|4\n|start\n|switch|p1a: Torkoal|Torkoal, L50, F|100/100\n|switch|p1b: Mimikyu|Mimikyu, L50, F, shiny|100/100\n|switch|p2a: Froslass|Froslass, L50, F|100/100\n|switch|p2b: Fridge|Rotom-Frost, L50|100/100\n|-weather|SunnyDay|[from] ability: Drought|[of] p1a: Torkoal\n|turn|1\n|\n|t:|1776175976\n|detailschange|p2a: Froslass|Froslass-Mega, L50, F\n|-mega|p2a: Froslass|Froslass|Froslassite\n|-weather|Snowscape|[from] ability: Snow Warning|[of] p2a: Froslass\n|move|p2a: Froslass|Blizzard|p1b: Mimikyu|[spread] p1a,p1b\n|-resisted|p1a: Torkoal|1\n|-damage|p1a: Torkoal|69/100\n|-activate|p1b: Mimikyu|ability: Disguise\n|-damage|p1b: Mimikyu|100/100\n|detailschange|p1b: Mimikyu|Mimikyu-Busted, L50, F, shiny\n|-damage|p1b: Mimikyu|88/100|[from] pokemon: Mimikyu-Busted\n|move|p2b: Fridge|Blizzard|p1a: Torkoal|[spread] p1a,p1b\n|-resisted|p1a: Torkoal|1\n|-damage|p1a: Torkoal|43/100\n|-damage|p1b: Mimikyu|32/100\n|-status|p1a: Torkoal|frz\n|-status|p1b: Mimikyu|frz\n|cant|p1a: Torkoal|frz\n|cant|p1b: Mimikyu|frz\n|\n|-weather|Snowscape|[upkeep]\n|upkeep\n|turn|2\n|-message|PhoenicisVolatus27 forfeited.\n|\n|win|Montztar\n|raw|PhoenicisVolatus27's rating: 1084 &rarr; <strong>1057</strong><br />(-27 for losing)\n|raw|Montztar's rating: 1018 &rarr; <strong>1062</strong><br />(+44 for winning)\n|l|\u203dPhoenicisVolatus27\n|player|p1|\n|c|\u2606Montztar|omg\n",
  "uploadtime": 1776176002,
  "views": 14,
  "formatid": "gen9championsvgc2026regma",
  "rating": 1057,
  "private": 0,
  "password": null
}