{
  "id": "gen9championsvgc2026regma-2584499977",
  "format": "[Gen 9 Champions] VGC 2026 Reg M-A",
  "players": [
    "manask28ada",
    "Lioxim"
  ],
  "log": "|j|\u2606manask28ada\n|j|\u2606Lioxim\n|t:|1776264936\n|gametype|doubles\n|player|p1|manask28ada|cynthia-gen4|1183\n|player|p2|Lioxim|266|1215\n|gen|9\n|tier|[Gen 9 Champions] VGC 2026 Reg M-A\n|rated|\n|rule|Species Clause: Limit one of each Pok\u00e9mon\n|rule|Item Clause: Limit 1 of each item\n|clearpoke\n|poke|p1|Glimmora, L50, M|\n|poke|p1|Mimikyu, L50, F|\n|poke|p1|Floette-Eternal, L50, F|\n|poke|p1|Maushold-Four, L50|\n|poke|p1|Liepard, L50, F|\n|poke|p1|Farigiraf, L50, M|\n|poke|p2|Aggron, L50, F|\n|poke|p2|Farigiraf, L50, F|\n|poke|p2|Sinistcha, L50|\n|poke|p2|Incineroar, L50, M|\n|poke|p2|Garchomp, L50, F|\n|poke|p2|Rotom-Wash, L50|\n|teampreview|4\n|inactive|Battle timer is ON: inactive players will automatically lose when time's up. (requested by Lioxim)\n|inactive|Lioxim has 60 seconds left.\n|\n|t:|1776265014\n|teamsize|p1|4\n|teamsize|p2|4\n|start\n|switch|p1a: Floette|Floette-Eternal, L50, F|100/100\n|switch|p1b: Farigiraf|Farigiraf, L50, M|100/100\n|switch|p2a: Aggron|Aggron, L50, F|100/100\n|switch|p2b: Farigiraf|Farigiraf, L50, F|100/100\n|turn|1\n|\n|t:|1776265034\n|detailschange|p2a: Aggron|Aggron-Mega, L50, F\n|-mega|p2a: Aggron|Aggron|Aggronite\n|move|p1a: Floette|Protect|p1a: Floette\n|-singleturn|p1a: Floette|Protect\n|move|p1b: Farigiraf|Hyper Voice|p2a: Aggron|[spread] p2a,p2b\n|-resisted|p2a: Aggron|1\n|-damage|p2a: Aggron|85/100\n|-damage|p2b: Farigiraf|64/100\n|move|p2b: Farigiraf|Light Screen|p2b: Farigiraf\n|-sidestart|p2: Lioxim|move: Light Screen\n|move|p2a: Aggron|Heavy Slam|p1a: Floette\n|-activate|p1a: Floette|move: Protect\n|\n|upkeep\n|turn|2\n|inactive|Lioxim has 30 seconds left.\n|inactive|Lioxim has 20 seconds left.\n|\n|t:|1776265074\n|switch|p1a: Mimikyu|Mimikyu, L50, F, shiny|100/100\n|switch|p2b: Sinistcha|Sinistcha, L50|100/100\n|-heal|p2a: Aggron|100/100|[from] ability: Hospitality|[of] p2b: Sinistcha\n|move|p1b: Farigiraf|Hyper Voice|p2a: Aggron|[spread] p2a\n|-immune|p2b: Sinistcha\n|-resisted|p2a: Aggron|1\n|-damage|p2a: Aggron|91/100\n|move|p2a: Aggron|Iron Defense|p2a: Aggron\n|-boost|p2a: Aggron|def|2\n|\n|upkeep\n|turn|3\n|\n|t:|1776265090\n|switch|p1b: Maushold|Maushold-Four, L50|100/100\n|move|p2b: Sinistcha|Rage Powder|p2b: Sinistcha\n|-singleturn|p2b: Sinistcha|move: Rage Powder\n|move|p1a: Mimikyu|Swords Dance|p1a: Mimikyu\n|-boost|p1a: Mimikyu|atk|2\n|move|p2a: Aggron|Body Press|p1b: Maushold\n|-supereffective|p1b: Maushold|1\n|-damage|p1b: Maushold|0 fnt\n|faint|p1b: Maushold\n|\n|upkeep\n|\n|t:|1776265101\n|switch|p1b: Floette|Floette-Eternal, L50, F|100/100\n|turn|4\n|\n|t:|1776265122\n|detailschange|p1b: Floette|Floette-Mega, L50, F\n|-mega|p1b: Floette|Floette|Floettite\n|-ability|p1b: Floette|Fairy Aura\n|move|p1a: Mimikyu|Shadow Sneak|p2b: Sinistcha\n|-supereffective|p2b: Sinistcha|1\n|-damage|p2b: Sinistcha|47/100\n|move|p1b: Floette|Dazzling Gleam|p2b: Sinistcha|[spread] p2a,p2b\n|-resisted|p2a: Aggron|1\n|-damage|p2a: Aggron|78/100\n|-damage|p2b: Sinistcha|13/100\n|move|p2b: Sinistcha|Matcha Gotcha|p1b: Floette|[spread] p1a,p1b\n|-activate|p1a: Mimikyu|ability: Disguise\n|-damage|p1a: Mimikyu|100/100\n|-damage|p1b: Floette|80/100\n|-heal|p2b: Sinistcha|22/100|[from] drain|[of] p1b: Floette\n|-status|p1a: Mimikyu|brn\n|detailschange|p1a: Mimikyu|Mimikyu-Busted, L50, F, shiny\n|-damage|p1a: Mimikyu|88/100 brn|[from] pokemon: Mimikyu-Busted\n|move|p2a: Aggron|Heavy Slam|p1b: Floette\n|-supereffective|p1b: Floette|1\n|-damage|p1b: Floette|0 fnt\n|faint|p1b: Floette\n|\n|-heal|p2b: Sinistcha|29/100|[from] item: Leftovers\n|-damage|p1a: Mimikyu|82/100 brn|[from] brn\n|upkeep\n|-message|manask28ada forfeited.\n|\n|win|Lioxim\n|raw|manask28ada's rating: 1183 &rarr; <strong>1160</strong><br />(-23 for losing)\n|raw|Lioxim's rating: 1215 &rarr; <strong>1238</strong><br />(+23 for winning)\n|l|\u2606manask28ada\n|player|p1|\n",
  "uploadtime": 1776265144,
  "views": 37,
  "formatid": "gen9championsvgc2026regma",
  "rating": 1160,
  "private": 0,
  "password": null
}