{
  "id": "gen9championsvgc2026regma-2587022423",
  "format": "[Gen 9 Champions] VGC 2026 Reg M-A",
  "players": [
    "Sunky42",
    "travterr1"
  ],
  "log": "|j|\u2606Sunky42\n|j|\u2606travterr1\n|t:|1776482192\n|gametype|doubles\n|player|p1|Sunky42|cheryl|1000\n|player|p2|travterr1|2|1016\n|gen|9\n|tier|[Gen 9 Champions] VGC 2026 Reg M-A\n|rated|\n|rule|Species Clause: Limit one of each Pok\u00e9mon\n|rule|Item Clause: Limit 1 of each item\n|clearpoke\n|poke|p1|Scizor, L50, M|\n|poke|p1|Sneasler, L50, M|\n|poke|p1|Clefable, L50, F|\n|poke|p1|Garchomp, L50, M|\n|poke|p1|Hippowdon, L50, F|\n|poke|p1|Dragonite, L50, F|\n|poke|p2|Scovillain, L50, F|\n|poke|p2|Primarina, L50, F|\n|poke|p2|Slowking-Galar, L50, M|\n|poke|p2|Ampharos, L50, F|\n|poke|p2|Incineroar, L50, F|\n|poke|p2|Sinistcha, L50|\n|teampreview|4\n|inactive|Battle timer is ON: inactive players will automatically lose when time's up. (requested by travterr1)\n|inactive|Sunky42 has 60 seconds left.\n|\n|t:|1776482228\n|teamsize|p1|4\n|teamsize|p2|4\n|start\n|switch|p1a: Hippowdon|Hippowdon, L50, F|100/100\n|switch|p1b: Sneasler|Sneasler, L50, M|100/100\n|switch|p2a: Scovillain|Scovillain, L50, F, shiny|100/100\n|switch|p2b: Slowking|Slowking-Galar, L50, M, shiny|100/100\n|-weather|Sandstorm|[from] ability: Sand Stream|[of] p1a: Hippowdon\n|turn|1\n|inactive|Sunky42 has 30 seconds left.\n|\n|t:|1776482259\n|move|p2a: Scovillain|Protect|p2a: Scovillain\n|-singleturn|p2a: Scovillain|Protect\n|move|p1b: Sneasler|Coaching|p1a: Hippowdon\n|-boost|p1a: Hippowdon|atk|1\n|-boost|p1a: Hippowdon|def|1\n|move|p1a: Hippowdon|Crunch|p2b: Slowking\n|-supereffective|p2b: Slowking|1\n|-damage|p2b: Slowking|16/100\n|-enditem|p2b: Slowking|Sitrus Berry|[eat]\n|-heal|p2b: Slowking|41/100|[from] item: Sitrus Berry\n|move|p2b: Slowking|Trick Room|p2b: Slowking\n|-fieldstart|move: Trick Room|[of] p2b: Slowking\n|\n|-weather|Sandstorm|[upkeep]\n|-damage|p2b: Slowking|35/100|[from] Sandstorm\n|-damage|p2a: Scovillain|95/100|[from] Sandstorm\n|-damage|p1b: Sneasler|95/100|[from] Sandstorm\n|-ability|p2a: Scovillain|Moody|boost\n|-boost|p2a: Scovillain|spa|2\n|-unboost|p2a: Scovillain|atk|1\n|upkeep\n|turn|2\n|inactive|Sunky42 has 30 seconds left.\n|\n|t:|1776482285\n|switch|p1b: Clefable|Clefable, L50, F|100/100\n|detailschange|p2a: Scovillain|Scovillain-Mega, L50, F, shiny\n|-mega|p2a: Scovillain|Scovillain|Scovillainite\n|-prepare|p2b: Slowking|Chilly Reception|[premajor]\n|move|p2b: Slowking|Chilly Reception|p2b: Slowking\n|-weather|Snowscape\n|\n|t:|1776482294\n|switch|p2b: Primarina|Primarina, L50, F, shiny|100/100|[from] Chilly Reception\n|move|p1a: Hippowdon|Earthquake|p2a: Scovillain|[spread] p1b,p2a,p2b\n|-damage|p1b: Clefable|54/100\n|-damage|p2a: Scovillain|27/100\n|-damage|p2b: Primarina|33/100\n|-status|p1a: Hippowdon|brn|[from] ability: Spicy Spray|[of] p2a: Scovillain\n|move|p2a: Scovillain|Giga Drain|p1a: Hippowdon\n|-supereffective|p1a: Hippowdon|1\n|-damage|p1a: Hippowdon|0 fnt\n|-heal|p2a: Scovillain|89/100|[from] drain|[of] p1a: Hippowdon\n|faint|p1a: Hippowdon\n|\n|-weather|Snowscape|[upkeep]\n|-heal|p2b: Primarina|38/100|[from] item: Leftovers\n|-heal|p1b: Clefable|60/100|[from] item: Leftovers\n|upkeep\n|\n|t:|1776482307\n|switch|p1a: Scizor|Scizor, L50, M|100/100\n|turn|3\n|\n|t:|1776482321\n|switch|p2b: Incineroar|Incineroar, L50, F, shiny|100/100\n|-ability|p2b: Incineroar|Intimidate|boost\n|-unboost|p1a: Scizor|atk|1\n|-unboost|p1b: Clefable|atk|1\n|move|p1b: Clefable|Follow Me|p1b: Clefable\n|-singleturn|p1b: Clefable|move: Follow Me\n|move|p1a: Scizor|Bullet Punch|p2b: Incineroar\n|-resisted|p2b: Incineroar|1\n|-damage|p2b: Incineroar|90/100\n|move|p2a: Scovillain|Flamethrower|p1b: Clefable\n|-damage|p1b: Clefable|20/100\n|\n|-weather|Snowscape|[upkeep]\n|-heal|p1b: Clefable|26/100|[from] item: Leftovers\n|upkeep\n|turn|4\n|-message|Sunky42 forfeited.\n|\n|win|travterr1\n|raw|Sunky42's rating: 1000 &rarr; <strong>1000</strong><br />(+0 for losing)\n|raw|travterr1's rating: 1016 &rarr; <strong>1052</strong><br />(+36 for winning)\n|l|\u2606Sunky42\n|player|p1|\n",
  "uploadtime": 1776482339,
  "views": 14,
  "formatid": "gen9championsvgc2026regma",
  "rating": 1000,
  "private": 0,
  "password": null
}