{
  "id": "gen9championsvgc2026regma-2581892107",
  "format": "[Gen 9 Champions] VGC 2026 Reg M-A",
  "players": [
    "Kyllabyte",
    "Sevaunn"
  ],
  "log": "|j|\u2606Kyllabyte\n|j|\u2606Sevaunn\n|t:|1776037288\n|gametype|doubles\n|player|p1|Kyllabyte|brock|1220\n|player|p2|Sevaunn|hilbert|1258\n|gen|9\n|tier|[Gen 9 Champions] VGC 2026 Reg M-A\n|rated|\n|rule|Species Clause: Limit one of each Pok\u00e9mon\n|rule|Item Clause: Limit 1 of each item\n|clearpoke\n|poke|p1|Floette-Eternal, L50, F|\n|poke|p1|Tyranitar, L50, F|\n|poke|p1|Garchomp, L50, M|\n|poke|p1|Orthworm, L50, M|\n|poke|p1|Sinistcha, L50|\n|poke|p1|Zoroark-Hisui, L50, F|\n|poke|p2|Excadrill, L50, M|\n|poke|p2|Tyranitar, L50, M|\n|poke|p2|Gyarados, L50, M|\n|poke|p2|Raichu, L50, F|\n|poke|p2|Dragonite, L50, M|\n|poke|p2|Primarina, L50, F|\n|teampreview|4\n|\n|t:|1776037343\n|teamsize|p1|4\n|teamsize|p2|4\n|start\n|switch|p1a: Orthworm|Orthworm, L50, M, shiny|100/100\n|switch|p1b: Garchomp|Garchomp, L50, M|100/100\n|switch|p2a: AY|Raichu, L50, F|100/100\n|switch|p2b: D.DAWG|Dragonite, L50, M|100/100\n|turn|1\n|\n|t:|1776037358\n|move|p2a: AY|Fake Out|p1a: Orthworm\n|-resisted|p1a: Orthworm|1\n|-damage|p1a: Orthworm|98/100\n|move|p1b: Garchomp|Shadow Ball|p2b: D.DAWG\n|-damage|p2b: D.DAWG|59/100\n|move|p2b: D.DAWG|Dragon Dance|p2b: D.DAWG\n|-boost|p2b: D.DAWG|atk|1\n|-boost|p2b: D.DAWG|spe|1\n|cant|p1a: Orthworm|flinch\n|\n|upkeep\n|turn|2\n|\n|t:|1776037377\n|move|p2b: D.DAWG|Dragon Claw|p1b: Garchomp\n|-enditem|p1b: Garchomp|Focus Sash\n|-damage|p1b: Garchomp|1/100\n|replace|p1b: Zoroark|Zoroark-Hisui, L50, F, shiny\n|-end|p1b: Zoroark|Illusion\n|move|p2a: AY|Volt Switch|p1a: Orthworm\n|-damage|p1a: Orthworm|61/100\n|\n|t:|1776037381\n|switch|p2a: HONKAHONKA|Primarina, L50, F|100/100|[from] Volt Switch\n|move|p1b: Zoroark|Shadow Ball|p2b: D.DAWG\n|-damage|p2b: D.DAWG|17/100\n|move|p1a: Orthworm|Shed Tail|p1a: Orthworm\n|-start|p1a: Orthworm|Substitute|[from] move: Shed Tail\n|-damage|p1a: Orthworm|11/100\n|\n|t:|1776037400\n|switch|p1a: Floette|Floette-Eternal, L50, F|100/100|[from] Shed Tail\n|\n|upkeep\n|turn|3\n|\n|t:|1776037414\n|detailschange|p1a: Floette|Floette-Mega, L50, F\n|-mega|p1a: Floette|Floette|Floettite\n|-ability|p1a: Floette|Fairy Aura\n|move|p2b: D.DAWG|Tailwind|p2b: D.DAWG\n|-sidestart|p2: Sevaunn|move: Tailwind\n|move|p2a: HONKAHONKA|Dazzling Gleam|p1a: Floette|[spread] p1a,p1b\n|-end|p1a: Floette|Substitute\n|-damage|p1b: Zoroark|0 fnt\n|faint|p1b: Zoroark\n|move|p1a: Floette|Calm Mind|p1a: Floette\n|-boost|p1a: Floette|spa|1\n|-boost|p1a: Floette|spd|1\n|\n|upkeep\n|c|\u2606Sevaunn|greed??\n|\n|t:|1776037426\n|switch|p1b: Garchomp|Garchomp, L50, M|100/100\n|turn|4\n|\n|t:|1776037438\n|move|p2b: D.DAWG|Iron Head|p1a: Floette\n|-supereffective|p1a: Floette|1\n|-damage|p1a: Floette|0 fnt\n|faint|p1a: Floette\n|move|p2a: HONKAHONKA|Moonblast|p1b: Garchomp\n|-supereffective|p1b: Garchomp|1\n|-damage|p1b: Garchomp|0 fnt\n|faint|p1b: Garchomp\n|\n|upkeep\n|-message|Kyllabyte forfeited.\n|\n|win|Sevaunn\n|raw|Kyllabyte's rating: 1220 &rarr; <strong>1198</strong><br />(-22 for losing)\n|raw|Sevaunn's rating: 1258 &rarr; <strong>1280</strong><br />(+22 for winning)\n|l|\u2606Kyllabyte\n|player|p1|\n",
  "uploadtime": 1776037451,
  "views": 22,
  "formatid": "gen9championsvgc2026regma",
  "rating": 1198,
  "private": 0,
  "password": null
}