{
  "id": "gen9championsvgc2026regma-2581077205",
  "format": "[Gen 9 Champions] VGC 2026 Reg M-A",
  "players": [
    "amino_trap_pkmn",
    "jovic"
  ],
  "log": "|j|\u2606amino_trap_pkmn\n|j|\u2606jovic\n|t:|1775957686\n|gametype|doubles\n|player|p1|amino_trap_pkmn|waiter|1000\n|player|p2|jovic|1|1084\n|gen|9\n|tier|[Gen 9 Champions] VGC 2026 Reg M-A\n|rated|\n|rule|Species Clause: Limit one of each Pok\u00e9mon\n|rule|Item Clause: Limit 1 of each item\n|clearpoke\n|poke|p1|Blastoise, L50, M|\n|poke|p1|Maushold-Four, L50|\n|poke|p1|Archaludon, L50, M|\n|poke|p1|Sinistcha, L50|\n|poke|p1|Basculegion, L50, M|\n|poke|p1|Pelipper, L50, F|\n|poke|p2|Excadrill, L50, M|\n|poke|p2|Tyranitar, L50, M|\n|poke|p2|Sinistcha, L50|\n|poke|p2|Corviknight, L50, F|\n|poke|p2|Delphox, L50, M|\n|poke|p2|Milotic, L50, F|\n|teampreview|4\n|\n|t:|1775957719\n|teamsize|p1|4\n|teamsize|p2|4\n|start\n|switch|p1a: Highest SpA Output|Blastoise, L50, M, shiny|100/100\n|switch|p1b: ILoveTasteOfRain|Pelipper, L50, F|100/100\n|switch|p2a: Excadrill|Excadrill, L50, M|100/100\n|switch|p2b: Tyranitar|Tyranitar, L50, M|100/100\n|-weather|Sandstorm|[from] ability: Sand Stream|[of] p2b: Tyranitar\n|-weather|RainDance|[from] ability: Drizzle|[of] p1b: ILoveTasteOfRain\n|turn|1\n|\n|t:|1775957745\n|detailschange|p1a: Highest SpA Output|Blastoise-Mega, L50, M, shiny\n|-mega|p1a: Highest SpA Output|Blastoise|Blastoisinite\n|detailschange|p2b: Tyranitar|Tyranitar-Mega, L50, M\n|-mega|p2b: Tyranitar|Tyranitar|Tyranitarite\n|-weather|Sandstorm|[from] ability: Sand Stream|[of] p2b: Tyranitar\n|move|p2a: Excadrill|Rock Slide|p1b: ILoveTasteOfRain|[spread] p1a,p1b\n|-supereffective|p1b: ILoveTasteOfRain|1\n|-damage|p1a: Highest SpA Output|80/100\n|-damage|p1b: ILoveTasteOfRain|62/100\n|move|p1a: Highest SpA Output|Shell Smash|p1a: Highest SpA Output\n|-unboost|p1a: Highest SpA Output|def|1\n|-unboost|p1a: Highest SpA Output|spd|1\n|-boost|p1a: Highest SpA Output|atk|2\n|-boost|p1a: Highest SpA Output|spa|2\n|-boost|p1a: Highest SpA Output|spe|2\n|move|p2b: Tyranitar|Thunder Punch|p1b: ILoveTasteOfRain\n|-supereffective|p1b: ILoveTasteOfRain|2\n|-enditem|p1b: ILoveTasteOfRain|Wacan Berry|[eat]\n|-enditem|p1b: ILoveTasteOfRain|Wacan Berry|[weaken]\n|-damage|p1b: ILoveTasteOfRain|7/100\n|move|p1b: ILoveTasteOfRain|U-turn|p2a: Excadrill\n|-resisted|p2a: Excadrill|1\n|-damage|p2a: Excadrill|94/100\n|\n|t:|1775957755\n|switch|p1b: Maushold|Maushold-Four, L50|100/100|[from] U-turn\n|\n|-weather|Sandstorm|[upkeep]\n|-damage|p1a: Highest SpA Output|74/100|[from] Sandstorm\n|-damage|p1b: Maushold|94/100|[from] Sandstorm\n|upkeep\n|turn|2\n|\n|t:|1775957769\n|switch|p1b: ILoveTasteOfRain|Pelipper, L50, F|7/100\n|-weather|RainDance|[from] ability: Drizzle|[of] p1b: ILoveTasteOfRain\n|move|p1a: Highest SpA Output|Water Spout|p2a: Excadrill|[spread] p2a,p2b\n|-supereffective|p2a: Excadrill|1\n|-supereffective|p2b: Tyranitar|1\n|-damage|p2a: Excadrill|0 fnt\n|-damage|p2b: Tyranitar|0 fnt\n|faint|p2a: Excadrill\n|faint|p2b: Tyranitar\n|\n|-weather|RainDance|[upkeep]\n|upkeep\n|\n|t:|1775957773\n|switch|p2a: Sinistcha|Sinistcha, L50|100/100\n|switch|p2b: Corviknight|Corviknight, L50, F|100/100\n|turn|3\n|\n|t:|1775957781\n|move|p1a: Highest SpA Output|Water Spout|p2a: Sinistcha|[spread] p2a,p2b\n|-resisted|p2a: Sinistcha|1\n|-damage|p2a: Sinistcha|16/100\n|-damage|p2b: Corviknight|0 fnt\n|faint|p2b: Corviknight\n|move|p2a: Sinistcha|Matcha Gotcha|p1b: ILoveTasteOfRain|[spread] p1a,p1b\n|-supereffective|p1a: Highest SpA Output|1\n|-damage|p1a: Highest SpA Output|0 fnt\n|-heal|p2a: Sinistcha|51/100|[from] drain|[of] p1a: Highest SpA Output\n|-damage|p1b: ILoveTasteOfRain|0 fnt\n|-heal|p2a: Sinistcha|54/100|[from] drain|[of] p1b: ILoveTasteOfRain\n|faint|p1a: Highest SpA Output\n|faint|p1b: ILoveTasteOfRain\n|\n|-weather|RainDance|[upkeep]\n|upkeep\n|\n|t:|1775957786\n|switch|p1a: 400 years of rain|Basculegion, L50, M|100/100\n|switch|p1b: Maushold|Maushold-Four, L50|94/100\n|turn|4\n|-message|jovic forfeited.\n|\n|win|amino_trap_pkmn\n|raw|amino_trap_pkmn's rating: 1000 &rarr; <strong>1049</strong><br />(+49 for winning)\n|raw|jovic's rating: 1084 &rarr; <strong>1056</strong><br />(-28 for losing)\n|l|\u2606jovic\n|player|p2|\n",
  "uploadtime": 1775957796,
  "views": 14,
  "formatid": "gen9championsvgc2026regma",
  "rating": 1049,
  "private": 0,
  "password": null
}