{
  "id": "gen9championsvgc2026regma-2584117776",
  "format": "[Gen 9 Champions] VGC 2026 Reg M-A",
  "players": [
    "mags1012",
    "catmoosewastaken"
  ],
  "log": "|j|\u2606mags1012\n|j|\u2606catmoosewastaken\n|t:|1776227070\n|gametype|doubles\n|player|p1|mags1012|plasmagrunt-gen5bw|1102\n|player|p2|catmoosewastaken|1|1000\n|gen|9\n|tier|[Gen 9 Champions] VGC 2026 Reg M-A\n|rated|\n|rule|Species Clause: Limit one of each Pok\u00e9mon\n|rule|Item Clause: Limit 1 of each item\n|clearpoke\n|poke|p1|Tyranitar, L50, M|\n|poke|p1|Excadrill, L50, M|\n|poke|p1|Corviknight, L50, M|\n|poke|p1|Sinistcha, L50|\n|poke|p1|Incineroar, L50, F|\n|poke|p1|Lycanroc, L50, F|\n|poke|p2|Charizard, L50, F|\n|poke|p2|Venusaur, L50, F|\n|poke|p2|Sneasler, L50, M|\n|poke|p2|Kingambit, L50, M|\n|poke|p2|Farigiraf, L50, F|\n|poke|p2|Garchomp, L50, M|\n|teampreview|4\nmags1012 has agreed to open team sheets.\n|\n|t:|1776227095\n|teamsize|p1|4\n|teamsize|p2|4\n|start\n|switch|p1a: Sinistcha|Sinistcha, L50|100/100\n|switch|p1b: Corviknight|Corviknight, L50, M|100/100\n|switch|p2a: Charizard|Charizard, L50, F|100/100\n|switch|p2b: Venusaur|Venusaur, L50, F|100/100\n|turn|1\n|\n|t:|1776227128\n|detailschange|p2a: Charizard|Charizard-Mega-Y, L50, F\n|-mega|p2a: Charizard|Charizard|Charizardite Y\n|-weather|SunnyDay|[from] ability: Drought|[of] p2a: Charizard\n|move|p2b: Venusaur|Sludge Bomb|p1a: Sinistcha\n|-damage|p1a: Sinistcha|58/100\n|move|p2a: Charizard|Heat Wave|p1a: Sinistcha|[spread] p1a,p1b\n|-supereffective|p1a: Sinistcha|1\n|-supereffective|p1b: Corviknight|1\n|-damage|p1a: Sinistcha|0 fnt\n|-damage|p1b: Corviknight|0 fnt\n|faint|p1a: Sinistcha\n|faint|p1b: Corviknight\n|\n|-weather|SunnyDay|[upkeep]\n|upkeep\n|\n|t:|1776227139\n|switch|p1a: Tyranitar|Tyranitar, L50, M|100/100\n|switch|p1b: Excadrill|Excadrill, L50, M|100/100\n|-weather|Sandstorm|[from] ability: Sand Stream|[of] p1a: Tyranitar\n|turn|2\n|\n|t:|1776227166\n|switch|p2a: Garchomp|Garchomp, L50, M|100/100\n|move|p1b: Excadrill|Rock Slide|p2b: Venusaur|[spread] p2a\n|-miss|p1b: Excadrill|p2b: Venusaur\n|-resisted|p2a: Garchomp|1\n|-damage|p2a: Garchomp|89/100\n|move|p2b: Venusaur|Sleep Powder|p1a: Tyranitar\n|-status|p1a: Tyranitar|slp|[from] move: Sleep Powder\n|cant|p1a: Tyranitar|slp\n|\n|-weather|Sandstorm|[upkeep]\n|-damage|p2b: Venusaur|95/100|[from] Sandstorm\n|upkeep\n|turn|3\n|\n|t:|1776227192\n|detailschange|p1a: Tyranitar|Tyranitar-Mega, L50, M\n|-mega|p1a: Tyranitar|Tyranitar|Tyranitarite\n|move|p1b: Excadrill|Rock Slide|p2a: Garchomp|[spread] p2b\n|-miss|p1b: Excadrill|p2a: Garchomp\n|-damage|p2b: Venusaur|62/100\n|move|p2a: Garchomp|Earthquake|p1a: Tyranitar|[spread] p2b,p1a,p1b\n|-supereffective|p1a: Tyranitar|1\n|-supereffective|p1b: Excadrill|1\n|-damage|p2b: Venusaur|8/100\n|-damage|p1a: Tyranitar|54/100 slp\n|-enditem|p1b: Excadrill|Focus Sash\n|-damage|p1b: Excadrill|1/100\n|move|p2b: Venusaur|Energy Ball|p1b: Excadrill\n|-damage|p1b: Excadrill|0 fnt\n|faint|p1b: Excadrill\n|cant|p1a: Tyranitar|slp\n|\n|-weather|Sandstorm|[upkeep]\n|-damage|p2b: Venusaur|2/100|[from] Sandstorm\n|upkeep\n|turn|4\n|-message|mags1012 forfeited.\n|\n|win|catmoosewastaken\n|raw|mags1012's rating: 1102 &rarr; <strong>1070</strong><br />(-32 for losing)\n|raw|catmoosewastaken's rating: 1000 &rarr; <strong>1051</strong><br />(+51 for winning)\n|l|\u2606mags1012\n|player|p1|\n",
  "uploadtime": 1776227221,
  "views": 29,
  "formatid": "gen9championsvgc2026regma",
  "rating": 1051,
  "private": 0,
  "password": null
}