{
  "id": "gen9championsvgc2026regma-2581405541",
  "format": "[Gen 9 Champions] VGC 2026 Reg M-A",
  "players": [
    "gholdengogobbler",
    "bihcdrhv"
  ],
  "log": "|j|\u2606gholdengogobbler\n|j|\u2606bihcdrhv\n|t:|1775997038\n|gametype|doubles\n|player|p1|gholdengogobbler|alec-anime|1040\n|player|p2|bihcdrhv|169|1000\n|gen|9\n|tier|[Gen 9 Champions] VGC 2026 Reg M-A\n|rated|\n|rule|Species Clause: Limit one of each Pok\u00e9mon\n|rule|Item Clause: Limit 1 of each item\n|clearpoke\n|poke|p1|Scovillain, L50, M|\n|poke|p1|Zoroark-Hisui, L50, M|\n|poke|p1|Sinistcha-Masterpiece, L50|\n|poke|p1|Basculegion-F, L50, F|\n|poke|p1|Politoed, L50, M|\n|poke|p1|Meganium, L50, F|\n|poke|p2|Pelipper, L50, M|\n|poke|p2|Dragonite, L50, M|\n|poke|p2|Archaludon, L50, M|\n|poke|p2|Sneasler, L50, F|\n|poke|p2|Sinistcha, L50|\n|poke|p2|Basculegion, L50, M|\n|teampreview|4\n|\n|t:|1775997080\n|teamsize|p1|4\n|teamsize|p2|4\n|start\n|switch|p1a: Lex Luthor|Scovillain, L50, M, shiny|100/100\n|switch|p1b: Alrage|Basculegion-F, L50, F|100/100\n|switch|p2a: Pelipper|Pelipper, L50, M|100/100\n|switch|p2b: Archaludon|Archaludon, L50, M|100/100\n|-weather|RainDance|[from] ability: Drizzle|[of] p2a: Pelipper\n|turn|1\n|\n|t:|1775997103\n|detailschange|p1a: Lex Luthor|Scovillain-Mega, L50, M, shiny\n|-mega|p1a: Lex Luthor|Scovillain|Scovillainite\n|move|p1b: Alrage|Calm Mind|p1b: Alrage\n|-boost|p1b: Alrage|spa|1\n|-boost|p1b: Alrage|spd|1\n|move|p2a: Pelipper|Hurricane|p1a: Lex Luthor\n|-supereffective|p1a: Lex Luthor|1\n|-damage|p1a: Lex Luthor|0 fnt\n|-status|p2a: Pelipper|brn|[from] ability: Spicy Spray|[of] p1a: Lex Luthor\n|faint|p1a: Lex Luthor\n|move|p2b: Archaludon|Electro Shot||[still]\n|-prepare|p2b: Archaludon|Electro Shot\n|-boost|p2b: Archaludon|spa|1\n|-anim|p2b: Archaludon|Electro Shot|p1b: Alrage\n|-damage|p1b: Alrage|14/100\n|replace|p1b: Sword|Zoroark-Hisui, L50, M, shiny\n|-end|p1b: Sword|Illusion\n|\n|-weather|RainDance|[upkeep]\n|-damage|p2a: Pelipper|95/100 brn|[from] brn\n|upkeep\n|\n|t:|1775997120\n|switch|p1a: WelcomeToMyTable|Sinistcha-Masterpiece, L50, shiny|100/100\n|-heal|p1b: Sword|38/100|[from] ability: Hospitality|[of] p1a: WelcomeToMyTable\n|turn|2\n|\n|t:|1775997130\n|move|p1b: Sword|Hex|p2a: Pelipper\n|-damage|p2a: Pelipper|0 fnt\n|faint|p2a: Pelipper\n|move|p2b: Archaludon|Electro Shot||[still]\n|-prepare|p2b: Archaludon|Electro Shot\n|-boost|p2b: Archaludon|spa|1\n|-anim|p2b: Archaludon|Electro Shot|p1b: Sword\n|-damage|p1b: Sword|0 fnt\n|faint|p1b: Sword\n|move|p1a: WelcomeToMyTable|Life Dew||[still]\n|-fail|p1a: WelcomeToMyTable|heal\n|\n|-weather|RainDance|[upkeep]\n|upkeep\n|\n|t:|1775997143\n|switch|p1b: Alrage|Basculegion-F, L50, F|100/100\n|switch|p2a: Basculegion|Basculegion, L50, M|100/100\n|turn|3\n|\n|t:|1775997162\n|move|p1b: Alrage|Last Respects|p2a: Basculegion\n|-supereffective|p2a: Basculegion|1\n|-damage|p2a: Basculegion|0 fnt\n|faint|p2a: Basculegion\n|move|p2b: Archaludon|Electro Shot||[still]\n|-prepare|p2b: Archaludon|Electro Shot\n|-boost|p2b: Archaludon|spa|1\n|-anim|p2b: Archaludon|Electro Shot|p1b: Alrage\n|-supereffective|p1b: Alrage|1\n|-damage|p1b: Alrage|0 fnt\n|faint|p1b: Alrage\n|move|p1a: WelcomeToMyTable|Matcha Gotcha|p2b: Archaludon\n|-resisted|p2b: Archaludon|2\n|-damage|p2b: Archaludon|93/100\n|-status|p2b: Archaludon|brn\n|-ability|p2b: Archaludon|Stamina|boost\n|-boost|p2b: Archaludon|def|1\n|\n|-weather|RainDance|[upkeep]\n|-heal|p2b: Archaludon|99/100 brn|[from] item: Leftovers\n|-damage|p2b: Archaludon|93/100 brn|[from] brn\n|upkeep\n|\n|t:|1775997172\n|switch|p2a: Sinistcha|Sinistcha, L50|100/100\n|-heal|p2b: Archaludon|100/100 brn|[from] ability: Hospitality|[of] p2a: Sinistcha\n|turn|4\n|\n|t:|1775997185\n|move|p2a: Sinistcha|Rage Powder|p2a: Sinistcha\n|-singleturn|p2a: Sinistcha|move: Rage Powder\n|move|p2b: Archaludon|Draco Meteor|p1a: WelcomeToMyTable\n|-damage|p1a: WelcomeToMyTable|0 fnt\n|-unboost|p2b: Archaludon|spa|2\n|faint|p1a: WelcomeToMyTable\n|\n|win|bihcdrhv\n|raw|gholdengogobbler's rating: 1040 &rarr; <strong>1022</strong><br />(-18 for losing)\n|raw|bihcdrhv's rating: 1000 &rarr; <strong>1045</strong><br />(+45 for winning)\n|l|\u2606bihcdrhv\n|player|p2|\n|c|\u2606gholdengogobbler|ggs\n",
  "uploadtime": 1775997195,
  "views": 26,
  "formatid": "gen9championsvgc2026regma",
  "rating": 1022,
  "private": 0,
  "password": null
}