{
  "id": "gen9championsvgc2026regma-2585641344",
  "format": "[Gen 9 Champions] VGC 2026 Reg M-A",
  "players": [
    "lolgz",
    "Fishstix412"
  ],
  "log": "|j|\u2606lolgz\n|j|\u2606Fishstix412\n|t:|1776360698\n|gametype|doubles\n|player|p1|lolgz|dawn|1172\n|player|p2|Fishstix412|169|1122\n|gen|9\n|tier|[Gen 9 Champions] VGC 2026 Reg M-A\n|rated|\n|rule|Species Clause: Limit one of each Pok\u00e9mon\n|rule|Item Clause: Limit 1 of each item\n|clearpoke\n|poke|p1|Charizard, L50, F|\n|poke|p1|Venusaur, L50, M|\n|poke|p1|Basculegion, L50, M|\n|poke|p1|Sneasler, L50, M|\n|poke|p1|Garchomp, L50, M|\n|poke|p1|Incineroar, L50, M|\n|poke|p2|Aggron, L50, M|\n|poke|p2|Orthworm, L50, M|\n|poke|p2|Blastoise, L50, F|\n|poke|p2|Sinistcha, L50|\n|poke|p2|Incineroar, L50, M|\n|poke|p2|Maushold-Four, L50|\n|teampreview|4\n|inactive|Battle timer is ON: inactive players will automatically lose when time's up. (requested by Fishstix412)\nFishstix412 rejected open team sheets.\n|\n|t:|1776360714\n|teamsize|p1|4\n|teamsize|p2|4\n|start\n|switch|p1a: Charizard|Charizard, L50, F|100/100\n|switch|p1b: Venusaur|Venusaur, L50, M|100/100\n|switch|p2a: Maushold|Maushold-Four, L50|100/100\n|switch|p2b: Blastoise|Blastoise, L50, F, shiny|100/100\n|turn|1\n|inactive|lolgz has 30 seconds left.\n|inactive|lolgz has 20 seconds left.\n|inactive|lolgz has 15 seconds left.\n|inactive|lolgz has 10 seconds left.\n|\n|t:|1776360761\n|detailschange|p1a: Charizard|Charizard-Mega-Y, L50, F\n|-mega|p1a: Charizard|Charizard|Charizardite Y\n|-weather|SunnyDay|[from] ability: Drought|[of] p1a: Charizard\n|detailschange|p2b: Blastoise|Blastoise-Mega, L50, F, shiny\n|-mega|p2b: Blastoise|Blastoise|Blastoisinite\n|move|p2a: Maushold|Follow Me|p2a: Maushold\n|-singleturn|p2a: Maushold|move: Follow Me\n|move|p1b: Venusaur|Sleep Powder|p2a: Maushold\n|-status|p2a: Maushold|slp|[from] move: Sleep Powder\n|move|p1a: Charizard|Heat Wave|p2a: Maushold|[spread] p2a\n|-miss|p1a: Charizard|p2b: Blastoise\n|-damage|p2a: Maushold|23/100 slp\n|move|p2b: Blastoise|Shell Smash|p2b: Blastoise\n|-unboost|p2b: Blastoise|def|1\n|-unboost|p2b: Blastoise|spd|1\n|-boost|p2b: Blastoise|atk|2\n|-boost|p2b: Blastoise|spa|2\n|-boost|p2b: Blastoise|spe|2\n|\n|-weather|SunnyDay|[upkeep]\n|upkeep\n|turn|2\n|inactive|Fishstix412 has 30 seconds left.\n|\n|t:|1776360792\n|move|p1b: Venusaur|Energy Ball|p2b: Blastoise\n|-supereffective|p2b: Blastoise|1\n|-damage|p2b: Blastoise|6/100\n|move|p2b: Blastoise|Water Spout|p1a: Charizard|[spread] p1a,p1b\n|-supereffective|p1a: Charizard|1\n|-crit|p1a: Charizard\n|-resisted|p1b: Venusaur|1\n|-damage|p1a: Charizard|91/100\n|-damage|p1b: Venusaur|99/100\n|move|p1a: Charizard|Heat Wave|p2a: Maushold|[spread] p2a,p2b\n|-resisted|p2b: Blastoise|1\n|-damage|p2a: Maushold|0 fnt\n|-damage|p2b: Blastoise|0 fnt\n|faint|p2a: Maushold\n|faint|p2b: Blastoise\n|\n|-weather|SunnyDay|[upkeep]\n|upkeep\n|-message|Fishstix412 forfeited.\n|\n|win|lolgz\n|raw|lolgz's rating: 1202 &rarr; <strong>1221</strong><br />(+19 for winning)\n|raw|Fishstix412's rating: 1122 &rarr; <strong>1103</strong><br />(-19 for losing)\n",
  "uploadtime": 1776360800,
  "views": 20,
  "formatid": "gen9championsvgc2026regma",
  "rating": 1103,
  "private": 0,
  "password": null
}