{
  "id": "gen9championsvgc2026regma-2583992805",
  "format": "[Gen 9 Champions] VGC 2026 Reg M-A",
  "players": [
    "Murkyyy",
    "nicotronn"
  ],
  "log": "|j|\u2606Murkyyy\n|j|\u2606nicotronn\n|t:|1776214912\n|gametype|doubles\n|player|p1|Murkyyy|266|1144\n|player|p2|nicotronn|dawn|1149\n|gen|9\n|tier|[Gen 9 Champions] VGC 2026 Reg M-A\n|rated|\n|rule|Species Clause: Limit one of each Pok\u00e9mon\n|rule|Item Clause: Limit 1 of each item\n|clearpoke\n|poke|p1|Garchomp, L50, M|\n|poke|p1|Tyranitar, L50, M|\n|poke|p1|Sinistcha, L50|\n|poke|p1|Infernape, L50, M|\n|poke|p1|Rotom-Wash, L50|\n|poke|p1|Beedrill, L50, M|\n|poke|p2|Charizard, L50, F|\n|poke|p2|Sneasler, L50, F|\n|poke|p2|Basculegion, L50, M|\n|poke|p2|Garchomp, L50, F|\n|poke|p2|Incineroar, L50, M|\n|poke|p2|Venusaur, L50, M|\n|teampreview|4\n|inactive|Battle timer is ON: inactive players will automatically lose when time's up. (requested by Murkyyy)\n|inactive|nicotronn has 60 seconds left.\n|\n|t:|1776214960\n|teamsize|p1|4\n|teamsize|p2|4\n|start\n|switch|p1a: Beedrill|Beedrill, L50, M|100/100\n|switch|p1b: Sinistcha|Sinistcha, L50|100/100\n|switch|p2a: Incineroar|Incineroar, L50, M|100/100\n|switch|p2b: Sneasler|Sneasler, L50, F|100/100\n|-ability|p2a: Incineroar|Intimidate|boost\n|-unboost|p1a: Beedrill|atk|1\n|-unboost|p1b: Sinistcha|atk|1\n|turn|1\n|inactive|Murkyyy has 30 seconds left.\n|inactive|nicotronn has 30 seconds left.\n|\n|t:|1776214993\n|switch|p1a: Tyranitar|Tyranitar, L50, M|100/100\n|-weather|Sandstorm|[from] ability: Sand Stream|[of] p1a: Tyranitar\n|switch|p1b: Garchomp|Garchomp, L50, M|100/100\n|move|p2a: Incineroar|Fake Out|p1a: Tyranitar\n|-resisted|p1a: Tyranitar|1\n|-damage|p1a: Tyranitar|97/100\n|move|p2b: Sneasler|Rock Slide|p1a: Tyranitar|[spread] p1a,p1b\n|-resisted|p1b: Garchomp|1\n|-damage|p1a: Tyranitar|83/100\n|-damage|p1b: Garchomp|90/100\n|\n|-weather|Sandstorm|[upkeep]\n|-damage|p2b: Sneasler|95/100|[from] Sandstorm\n|-damage|p2a: Incineroar|95/100|[from] Sandstorm\n|upkeep\n|turn|2\n|inactive|nicotronn has 30 seconds left.\n|\n|t:|1776215021\n|move|p2b: Sneasler|Close Combat|p1a: Tyranitar\n|-supereffective|p1a: Tyranitar|2\n|-damage|p1a: Tyranitar|0 fnt\n|-unboost|p2b: Sneasler|def|1\n|-unboost|p2b: Sneasler|spd|1\n|faint|p1a: Tyranitar\n|move|p1b: Garchomp|Swords Dance|p1b: Garchomp\n|-boost|p1b: Garchomp|atk|2\n|move|p2a: Incineroar|Parting Shot|p1b: Garchomp\n|-unboost|p1b: Garchomp|atk|1\n|-unboost|p1b: Garchomp|spa|1\n|\n|t:|1776215032\n|switch|p2a: Charizard|Charizard, L50, F, shiny|100/100|[from] Parting Shot\n|\n|-weather|Sandstorm|[upkeep]\n|-damage|p2b: Sneasler|89/100|[from] Sandstorm\n|-damage|p2a: Charizard|95/100|[from] Sandstorm\n|upkeep\n|\n|t:|1776215035\n|switch|p1a: Sinistcha|Sinistcha, L50|100/100\n|-heal|p1b: Garchomp|100/100|[from] ability: Hospitality|[of] p1a: Sinistcha\n|turn|3\n|\n|t:|1776215049\n|detailschange|p2a: Charizard|Charizard-Mega-Y, L50, F, shiny\n|-mega|p2a: Charizard|Charizard|Charizardite Y\n|-weather|SunnyDay|[from] ability: Drought|[of] p2a: Charizard\n|move|p2b: Sneasler|Dire Claw|p1b: Garchomp\n|-resisted|p1b: Garchomp|1\n|-damage|p1b: Garchomp|78/100\n|-status|p1b: Garchomp|slp\n|cant|p1b: Garchomp|slp\n|move|p2a: Charizard|Heat Wave|p1b: Garchomp|[spread] p1a\n|-miss|p2a: Charizard|p1b: Garchomp\n|-supereffective|p1a: Sinistcha|1\n|-damage|p1a: Sinistcha|0 fnt\n|faint|p1a: Sinistcha\n|\n|-weather|SunnyDay|[upkeep]\n|upkeep\n|-message|Murkyyy forfeited.\n|\n|win|nicotronn\n|raw|Murkyyy's rating: 1144 &rarr; <strong>1119</strong><br />(-25 for losing)\n|raw|nicotronn's rating: 1149 &rarr; <strong>1174</strong><br />(+25 for winning)\n|l|\u2606Murkyyy\n|player|p1|\n",
  "uploadtime": 1776215072,
  "views": 15,
  "formatid": "gen9championsvgc2026regma",
  "rating": 1119,
  "private": 0,
  "password": null
}