{
  "id": "gen9championsvgc2026regma-2583170283",
  "format": "[Gen 9 Champions] VGC 2026 Reg M-A",
  "players": [
    "drake78976",
    "Leerroy"
  ],
  "log": "|j|\u2606drake78976\n|j|\u2606Leerroy\n|t:|1776150558\n|gametype|doubles\n|player|p1|drake78976|li|1082\n|player|p2|Leerroy|steven|1147\n|gen|9\n|tier|[Gen 9 Champions] VGC 2026 Reg M-A\n|rated|\n|rule|Species Clause: Limit one of each Pok\u00e9mon\n|rule|Item Clause: Limit 1 of each item\n|clearpoke\n|poke|p1|Kingambit, L50, F|\n|poke|p1|Froslass, L50, F|\n|poke|p1|Kommo-o, L50, F|\n|poke|p1|Incineroar, L50, F|\n|poke|p1|Glimmora, L50, F|\n|poke|p1|Whimsicott, L50, F|\n|poke|p2|Farigiraf, L50, M|\n|poke|p2|Torkoal, L50, F|\n|poke|p2|Leafeon, L50, M|\n|poke|p2|Ceruledge, L50, M|\n|poke|p2|Sinistcha, L50|\n|poke|p2|Manectric, L50, M|\n|teampreview|4\n|\n|t:|1776150599\n|teamsize|p1|4\n|teamsize|p2|4\n|start\n|switch|p1a: Incineroar|Incineroar, L50, F|100/100\n|switch|p1b: Kingambit|Kingambit, L50, F|100/100\n|switch|p2a: Farigiraf|Farigiraf, L50, M, shiny|100/100\n|switch|p2b: Ceruledge|Ceruledge, L50, M|100/100\n|-ability|p1a: Incineroar|Intimidate|boost\n|-unboost|p2a: Farigiraf|atk|1\n|-unboost|p2b: Ceruledge|atk|1\n|turn|1\n|\n|t:|1776150616\n|move|p2b: Ceruledge|Bitter Blade|p1b: Kingambit\n|-supereffective|p1b: Kingambit|1\n|-damage|p1b: Kingambit|55/100\n|move|p1b: Kingambit|Kowtow Cleave|p2a: Farigiraf\n|-supereffective|p2a: Farigiraf|1\n|-damage|p2a: Farigiraf|19/100\n|move|p1a: Incineroar|Darkest Lariat|p2a: Farigiraf\n|-supereffective|p2a: Farigiraf|1\n|-damage|p2a: Farigiraf|0 fnt\n|faint|p2a: Farigiraf\n|\n|upkeep\n|\n|t:|1776150624\n|switch|p2a: Sinistcha|Sinistcha, L50|100/100\n|turn|2\n|\n|t:|1776150638\n|move|p1b: Kingambit|Sucker Punch|p2b: Ceruledge\n|-supereffective|p2b: Ceruledge|1\n|-damage|p2b: Ceruledge|0 fnt\n|faint|p2b: Ceruledge\n|move|p2a: Sinistcha|Matcha Gotcha|p1a: Incineroar|[spread] p1b\n|-miss|p2a: Sinistcha|p1a: Incineroar\n|-resisted|p1b: Kingambit|1\n|-damage|p1b: Kingambit|36/100\n|move|p1a: Incineroar|Flare Blitz|p2a: Sinistcha\n|-supereffective|p2a: Sinistcha|1\n|-damage|p2a: Sinistcha|0 fnt\n|faint|p2a: Sinistcha\n|-damage|p1a: Incineroar|77/100|[from] Recoil\n|\n|upkeep\n|-message|Leerroy forfeited.\n|\n|win|drake78976\n|raw|drake78976's rating: 1082 &rarr; <strong>1115</strong><br />(+33 for winning)\n|raw|Leerroy's rating: 1147 &rarr; <strong>1117</strong><br />(-30 for losing)\n|l|\u2606Leerroy\n|player|p2|\n",
  "uploadtime": 1776150647,
  "views": 20,
  "formatid": "gen9championsvgc2026regma",
  "rating": 1115,
  "private": 0,
  "password": null
}