{
  "id": "gen9championsvgc2026regma-2584474675",
  "format": "[Gen 9 Champions] VGC 2026 Reg M-A",
  "players": [
    "VirtuaSphere",
    "mattnot3"
  ],
  "log": "|j|\u2606VirtuaSphere\n|j|\u2606mattnot3\n|t:|1776263310\n|gametype|doubles\n|player|p1|VirtuaSphere|102|1344\n|player|p2|mattnot3|pokemonbreeder-gen4|1426\n|gen|9\n|tier|[Gen 9 Champions] VGC 2026 Reg M-A\n|rated|\n|rule|Species Clause: Limit one of each Pok\u00e9mon\n|rule|Item Clause: Limit 1 of each item\n|clearpoke\n|poke|p1|Oranguru, L50, M|\n|poke|p1|Golurk, L50|\n|poke|p1|Kingambit, L50, M|\n|poke|p1|Kangaskhan, L50, F|\n|poke|p1|Sylveon, L50, M|\n|poke|p1|Conkeldurr, L50, F|\n|poke|p2|Kommo-o, L50, F|\n|poke|p2|Scizor, L50, M|\n|poke|p2|Sinistcha, L50|\n|poke|p2|Aerodactyl, L50, F|\n|poke|p2|Incineroar, L50, F|\n|poke|p2|Primarina, L50, F|\n|teampreview|4\n|inactive|Battle timer is ON: inactive players will automatically lose when time's up. (requested by mattnot3)\n|inactive|VirtuaSphere has 60 seconds left.\n|inactive|mattnot3 has 60 seconds left.\n|inactive|VirtuaSphere has 30 seconds left.\n|\n|t:|1776263373\n|teamsize|p1|4\n|teamsize|p2|4\n|start\n|switch|p1a: Kangaskhan|Kangaskhan, L50, F|100/100\n|switch|p1b: Kingambit|Kingambit, L50, M|100/100\n|switch|p2a: Scizor|Scizor, L50, M|100/100\n|switch|p2b: Primarina|Primarina, L50, F|100/100\n|turn|1\n|inactive|VirtuaSphere has 30 seconds left.\n|\n|t:|1776263404\n|detailschange|p2a: Scizor|Scizor-Mega, L50, M\n|-mega|p2a: Scizor|Scizor|Scizorite\n|move|p1a: Kangaskhan|Fake Out|p2b: Primarina\n|-crit|p2b: Primarina\n|-damage|p2b: Primarina|62/100\n|move|p2a: Scizor|Swords Dance|p2a: Scizor\n|-boost|p2a: Scizor|atk|2\n|cant|p2b: Primarina|flinch\n|move|p1b: Kingambit|Low Kick|p2a: Scizor\n|-damage|p2a: Scizor|69/100\n|\n|-heal|p2b: Primarina|67/100|[from] item: Leftovers\n|upkeep\n|turn|2\n|\n|t:|1776263426\n|move|p1b: Kingambit|Sucker Punch|p2a: Scizor\n|-damage|p2a: Scizor|36/100\n|move|p2a: Scizor|Bug Bite|p1b: Kingambit\n|-damage|p1b: Kingambit|10/100\n|-enditem|p1b: Kingambit|Chople Berry|[from] stealeat|[move] Bug Bite|[of] p2a: Scizor\n|move|p1a: Kangaskhan|Double-Edge|p2b: Primarina\n|-damage|p2b: Primarina|0 fnt\n|faint|p2b: Primarina\n|-damage|p1a: Kangaskhan|83/100|[from] Recoil\n|\n|upkeep\n|\n|t:|1776263435\n|switch|p2b: Sinistcha|Sinistcha, L50|100/100\n|-heal|p2a: Scizor|60/100|[from] ability: Hospitality|[of] p2b: Sinistcha\n|turn|3\n|-message|VirtuaSphere forfeited.\n|\n|win|mattnot3\n|raw|VirtuaSphere's rating: 1344 &rarr; <strong>1329</strong><br />(-15 for losing)\n|raw|mattnot3's rating: 1426 &rarr; <strong>1441</strong><br />(+15 for winning)\n|l|\u2606VirtuaSphere\n|player|p1|\n",
  "uploadtime": 1776263447,
  "views": 45,
  "formatid": "gen9championsvgc2026regma",
  "rating": 1329,
  "private": 0,
  "password": null
}