{
  "id": "gen9championsvgc2026regma-2584869349",
  "format": "[Gen 9 Champions] VGC 2026 Reg M-A",
  "players": [
    "marcusav_",
    "Hakke112"
  ],
  "log": "|j|\u2606marcusav_\n|j|\u2606Hakke112\n|t:|1776290127\n|gametype|doubles\n|player|p1|marcusav_|n|1089\n|player|p2|Hakke112|265|1121\n|gen|9\n|tier|[Gen 9 Champions] VGC 2026 Reg M-A\n|rated|\n|rule|Species Clause: Limit one of each Pok\u00e9mon\n|rule|Item Clause: Limit 1 of each item\n|clearpoke\n|poke|p1|Aggron, L50, F|\n|poke|p1|Sinistcha, L50|\n|poke|p1|Incineroar, L50, F|\n|poke|p1|Pelipper, L50, F|\n|poke|p1|Farigiraf, L50, M|\n|poke|p1|Basculegion-F, L50, F|\n|poke|p2|Chandelure, L50, F|\n|poke|p2|Sinistcha, L50|\n|poke|p2|Arcanine-Hisui, L50, M|\n|poke|p2|Sneasler, L50, F|\n|poke|p2|Farigiraf, L50, M|\n|poke|p2|Skarmory, L50, F|\n|teampreview|4\n|inactive|Battle timer is ON: inactive players will automatically lose when time's up. (requested by Hakke112)\n|inactive|marcusav_ has 60 seconds left.\n|inactive|Hakke112 has 60 seconds left.\n|\n|t:|1776290177\n|teamsize|p1|4\n|teamsize|p2|4\n|start\n|switch|p1a: Farigiraf|Farigiraf, L50, M|100/100\n|switch|p1b: Incineroar|Incineroar, L50, F|100/100\n|switch|p2a: Sneasler|Sneasler, L50, F|100/100\n|switch|p2b: Skarmory|Skarmory, L50, F|100/100\n|-ability|p1b: Incineroar|Intimidate|boost\n|-unboost|p2a: Sneasler|atk|1\n|-unboost|p2b: Skarmory|atk|1\n|-enditem|p2a: Sneasler|White Herb\n|-clearnegativeboost|p2a: Sneasler|[silent]\n|turn|1\n|\n|t:|1776290208\n|detailschange|p2b: Skarmory|Skarmory-Mega, L50, F\n|-mega|p2b: Skarmory|Skarmory|Skarmorite\n|move|p1b: Incineroar|Fake Out|p2a: Sneasler\n|-damage|p2a: Sneasler|81/100\n|cant|p2a: Sneasler|flinch\n|move|p2b: Skarmory|Curse|p2b: Skarmory\n|-unboost|p2b: Skarmory|spe|1\n|-boost|p2b: Skarmory|atk|1\n|-boost|p2b: Skarmory|def|1\n|move|p1a: Farigiraf|Trick Room|p1a: Farigiraf\n|-fieldstart|move: Trick Room|[of] p1a: Farigiraf\n|\n|upkeep\n|turn|2\n|inactive|marcusav_ has 30 seconds left.\n|inactive|marcusav_ has 20 seconds left.\n|inactive|marcusav_ has 15 seconds left.\n|inactive|marcusav_ has 10 seconds left.\n|\n|t:|1776290256\n|switch|p1a: Aggron|Aggron, L50, F|100/100\n|switch|p2a: Arcanine|Arcanine-Hisui, L50, M|100/100\n|-ability|p2a: Arcanine|Intimidate|boost\n|-unboost|p1a: Aggron|atk|1\n|-unboost|p1b: Incineroar|atk|1\n|move|p1b: Incineroar|Parting Shot|p2b: Skarmory\n|-unboost|p2b: Skarmory|atk|1\n|-unboost|p2b: Skarmory|spa|1\n|\n|t:|1776290262\n|switch|p1b: Pelipper|Pelipper, L50, F|100/100|[from] Parting Shot\n|-weather|RainDance|[from] ability: Drizzle|[of] p1b: Pelipper\n|move|p2b: Skarmory|Curse|p2b: Skarmory\n|-unboost|p2b: Skarmory|spe|1\n|-boost|p2b: Skarmory|atk|1\n|-boost|p2b: Skarmory|def|1\n|\n|-weather|RainDance|[upkeep]\n|upkeep\n|turn|3\n|\n|t:|1776290285\n|detailschange|p1a: Aggron|Aggron-Mega, L50, F\n|-mega|p1a: Aggron|Aggron|Aggronite\n|move|p2a: Arcanine|Protect|p2a: Arcanine\n|-singleturn|p2a: Arcanine|Protect\n|move|p1a: Aggron|Iron Defense|p1a: Aggron\n|-boost|p1a: Aggron|def|2\n|move|p2b: Skarmory|Body Press|p1a: Aggron\n|-supereffective|p1a: Aggron|1\n|-damage|p1a: Aggron|85/100\n|move|p1b: Pelipper|Weather Ball|p2a: Arcanine\n|-activate|p2a: Arcanine|move: Protect\n|\n|-weather|RainDance|[upkeep]\n|upkeep\n|turn|4\n|-message|Hakke112 forfeited.\n|\n|win|marcusav_\n|raw|marcusav_'s rating: 1089 &rarr; <strong>1118</strong><br />(+29 for winning)\n|raw|Hakke112's rating: 1121 &rarr; <strong>1094</strong><br />(-27 for losing)\n|l|\u2606Hakke112\n|player|p2|\n",
  "uploadtime": 1776290303,
  "views": 22,
  "formatid": "gen9championsvgc2026regma",
  "rating": 1094,
  "private": 0,
  "password": null
}