{
  "id": "gen9championsvgc2026regma-2583629406",
  "format": "[Gen 9 Champions] VGC 2026 Reg M-A",
  "players": [
    "islamichorserace95",
    "Q center"
  ],
  "log": "|j|\u2606islamichorserace95\n|j|\u2606Q center\n|t:|1776187526\n|gametype|doubles\n|player|p1|islamichorserace95|lacey|1195\n|player|p2|Q center|169|1172\n|gen|9\n|tier|[Gen 9 Champions] VGC 2026 Reg M-A\n|rated|\n|rule|Species Clause: Limit one of each Pok\u00e9mon\n|rule|Item Clause: Limit 1 of each item\n|clearpoke\n|poke|p1|Delphox, L50, M|\n|poke|p1|Dragapult, L50, F|\n|poke|p1|Garchomp, L50, F|\n|poke|p1|Incineroar, L50, F|\n|poke|p1|Heliolisk, L50, F|\n|poke|p1|Sneasler, L50, F|\n|poke|p2|Drampa, L50, M|\n|poke|p2|Sylveon, L50, F|\n|poke|p2|Farigiraf, L50, M|\n|poke|p2|Torkoal, L50, M|\n|poke|p2|Sinistcha, L50|\n|poke|p2|Golurk, L50|\n|teampreview|4\n|inactive|Battle timer is ON: inactive players will automatically lose when time's up. (requested by Q center)\n|\n|t:|1776187557\n|teamsize|p1|4\n|teamsize|p2|4\n|start\n|switch|p1a: Sneasler|Sneasler, L50, F|100/100\n|switch|p1b: Delphox|Delphox, L50, M|100/100\n|switch|p2a: Farigiraf|Farigiraf, L50, M|100/100\n|switch|p2b: Golurk|Golurk, L50|100/100\n|turn|1\n|\n|t:|1776187576\n|detailschange|p1b: Delphox|Delphox-Mega, L50, M\n|-mega|p1b: Delphox|Delphox|Delphoxite\n|detailschange|p2b: Golurk|Golurk-Mega, L50\n|-mega|p2b: Golurk|Golurk|Golurkite\n|move|p2b: Golurk|Protect|p2b: Golurk\n|-singleturn|p2b: Golurk|Protect\n|move|p1b: Delphox|Nasty Plot|p1b: Delphox\n|-boost|p1b: Delphox|spa|2\n|move|p1a: Sneasler|Fling|p2a: Farigiraf\n|-supereffective|p2a: Farigiraf|1\n|-damage|p2a: Farigiraf|87/100\n|-enditem|p1a: Sneasler|King's Rock|[from] move: Fling\n|cant|p2a: Farigiraf|flinch\n|\n|upkeep\n|turn|2\n|\n|t:|1776187597\n|switch|p2b: Torkoal|Torkoal, L50, M|100/100\n|-weather|SunnyDay|[from] ability: Drought|[of] p2b: Torkoal\n|move|p1a: Sneasler|Close Combat|p2a: Farigiraf\n|-damage|p2a: Farigiraf|50/100\n|-unboost|p1a: Sneasler|def|1\n|-unboost|p1a: Sneasler|spd|1\n|-enditem|p2a: Farigiraf|Sitrus Berry|[eat]\n|-heal|p2a: Farigiraf|75/100|[from] item: Sitrus Berry\n|move|p1b: Delphox|Heat Wave|p2b: Torkoal|[spread] p2a\n|-miss|p1b: Delphox|p2b: Torkoal\n|-damage|p2a: Farigiraf|0 fnt\n|faint|p2a: Farigiraf\n|\n|-weather|SunnyDay|[upkeep]\n|upkeep\n|\n|t:|1776187613\n|switch|p2a: Golurk|Golurk-Mega, L50|100/100\n|turn|3\n|\n|t:|1776187624\n|move|p1a: Sneasler|Close Combat|p2b: Torkoal\n|-damage|p2b: Torkoal|62/100\n|-unboost|p1a: Sneasler|def|1\n|-unboost|p1a: Sneasler|spd|1\n|move|p1b: Delphox|Heat Wave|p2a: Golurk|[spread] p2a\n|-miss|p1b: Delphox|p2b: Torkoal\n|-damage|p2a: Golurk|0 fnt\n|faint|p2a: Golurk\n|move|p2b: Torkoal|Earth Power|p1b: Delphox\n|-immune|p1b: Delphox|[from] ability: Levitate\n|\n|-weather|SunnyDay|[upkeep]\n|upkeep\n|-message|Q center forfeited.\n|\n|win|islamichorserace95\n|raw|islamichorserace95's rating: 1195 &rarr; <strong>1218</strong><br />(+23 for winning)\n|raw|Q center's rating: 1172 &rarr; <strong>1149</strong><br />(-23 for losing)\n|l|\u2606Q center\n|player|p2|\n",
  "uploadtime": 1776187638,
  "views": 20,
  "formatid": "gen9championsvgc2026regma",
  "rating": 1149,
  "private": 0,
  "password": null
}