{
  "id": "gen9championsvgc2026regma-2580824233",
  "format": "[Gen 9 Champions] VGC 2026 Reg M-A",
  "players": [
    "injak",
    "onir the magician"
  ],
  "log": "|j|\u2606injak\n|j|\u2606onir the magician\n|t:|1775935453\n|gametype|doubles\n|player|p1|injak|101|1096\n|player|p2|onir the magician|brycenman|1000\n|gen|9\n|tier|[Gen 9 Champions] VGC 2026 Reg M-A\n|rated|\n|rule|Species Clause: Limit one of each Pok\u00e9mon\n|rule|Item Clause: Limit 1 of each item\n|clearpoke\n|poke|p1|Meowscarada, L50, F|\n|poke|p1|Tauros-Paldea-Blaze, L50, M|\n|poke|p1|Pelipper, L50, M|\n|poke|p1|Basculegion, L50, M|\n|poke|p1|Manectric, L50, F|\n|poke|p1|Kingambit, L50, M|\n|poke|p2|Delphox, L50, M|\n|poke|p2|Clefable, L50, M|\n|poke|p2|Sneasler, L50, F|\n|poke|p2|Garchomp, L50, M|\n|poke|p2|Basculegion, L50, M|\n|poke|p2|Aerodactyl, L50, M|\n|teampreview|4\n|inactive|Battle timer is ON: inactive players will automatically lose when time's up. (requested by onir the magician)\n|inactive|injak has 60 seconds left.\n|inactive|onir the magician has 60 seconds left.\n|inactive|injak has 30 seconds left.\n|inactive|injak has 20 seconds left.\n|inactive|injak has 15 seconds left.\n|inactive|injak has 10 seconds left.\n|inactive|injak has 5 seconds left.\n|\n|t:|1775935558\n|teamsize|p1|4\n|teamsize|p2|4\n|start\n|switch|p1a: Meowscarada|Meowscarada, L50, F|100/100\n|switch|p1b: Tauros|Tauros-Paldea-Blaze, L50, M|100/100\n|switch|p2a: Sneasler|Sneasler, L50, F|100/100\n|switch|p2b: Aerodactyl|Aerodactyl, L50, M, shiny|100/100\n|-ability|p2b: Aerodactyl|Unnerve\n|turn|1\n|inactive|injak has 30 seconds left.\n|inactive|injak has 20 seconds left.\n|inactive|injak has 15 seconds left.\n|inactive|injak has 10 seconds left.\n|inactive|injak has 5 seconds left.\n|\n|t:|1775935613\n|move|p2a: Sneasler|Fake Out|p1a: Meowscarada\n|-damage|p1a: Meowscarada|79/100\n|move|p2b: Aerodactyl|Tailwind|p2b: Aerodactyl\n|-sidestart|p2: onir the magician|move: Tailwind\n|cant|p1a: Meowscarada|flinch\n|move|p1b: Tauros|Close Combat|p2b: Aerodactyl\n|-damage|p2b: Aerodactyl|33/100\n|-unboost|p1b: Tauros|def|1\n|-unboost|p1b: Tauros|spd|1\n|\n|upkeep\n|turn|2\n|inactive|injak has 30 seconds left.\n|inactive|injak has 20 seconds left.\n|inactive|injak has 15 seconds left.\n|inactive|injak has 10 seconds left.\n|inactive|injak has 5 seconds left.\n|\n|t:|1775935668\n|move|p2b: Aerodactyl|Dual Wingbeat|p1b: Tauros\n|-supereffective|p1b: Tauros|1\n|-damage|p1b: Tauros|44/100\n|-supereffective|p1b: Tauros|1\n|-damage|p1b: Tauros|0 fnt\n|faint|p1b: Tauros\n|-hitcount|p1: Tauros|2\n|move|p2a: Sneasler|Dire Claw|p1a: Meowscarada\n|-supereffective|p1a: Meowscarada|1\n|-damage|p1a: Meowscarada|0 fnt\n|faint|p1a: Meowscarada\n|\n|upkeep\n|inactive|injak has 30 seconds left.\n|inactive|injak has 20 seconds left.\n|inactive|injak has 15 seconds left.\n|inactive|injak has 10 seconds left.\n|inactive|injak has 5 seconds left.\n|\n|t:|1775935724\n|switch|p1a: Pelipper|Pelipper, L50, M|100/100\n|switch|p1b: Basculegion|Basculegion, L50, M|100/100\n|-weather|RainDance|[from] ability: Drizzle|[of] p1a: Pelipper\n|turn|3\n|inactive|injak has 30 seconds left.\n|inactive|injak has 20 seconds left.\n|inactive|injak has 15 seconds left.\n|inactive|injak has 10 seconds left.\n|inactive|injak has 5 seconds left.\n|\n|t:|1775935779\n|move|p2b: Aerodactyl|Rock Slide|p1b: Basculegion|[spread] p1a\n|-miss|p2b: Aerodactyl|p1b: Basculegion\n|-supereffective|p1a: Pelipper|1\n|-damage|p1a: Pelipper|30/100\n|move|p2a: Sneasler|Dire Claw|p1a: Pelipper\n|-damage|p1a: Pelipper|0 fnt\n|faint|p1a: Pelipper\n|move|p1b: Basculegion|Flip Turn|p2a: Sneasler\n|-damage|p2a: Sneasler|3/100\n|\n|-weather|RainDance|[upkeep]\n|upkeep\n|turn|4\n|inactive|injak has 30 seconds left.\n|l|\u2606injak\n|inactive|injak disconnected and has a minute to reconnect!\n|player|p1|\n|inactive|injak has 20 seconds left.\n|inactive|injak has 15 seconds left.\n|inactive|injak has 10 seconds left.\n|inactive|injak has 5 seconds left.\n|-message|injak lost due to inactivity.\n|\n|win|onir the magician\n",
  "uploadtime": 1775935456,
  "views": 13,
  "formatid": "gen9championsvgc2026regma",
  "rating": null,
  "private": 0,
  "password": null
}