{
  "id": "gen9championsvgc2026regma-2582345999",
  "format": "[Gen 9 Champions] VGC 2026 Reg M-A",
  "players": [
    "tsukifrombilllie",
    "Luxerna"
  ],
  "log": "|j|\u2606tsukifrombilllie\n|j|\u2606Luxerna\n|t:|1776085201\n|gametype|doubles\n|player|p1|tsukifrombilllie|lyra|1120\n|player|p2|Luxerna|dawn-gen4pt|1168\n|gen|9\n|tier|[Gen 9 Champions] VGC 2026 Reg M-A\n|rated|\n|rule|Species Clause: Limit one of each Pok\u00e9mon\n|rule|Item Clause: Limit 1 of each item\n|clearpoke\n|poke|p1|Charizard, L50, F|\n|poke|p1|Venusaur, L50, M|\n|poke|p1|Garchomp, L50, M|\n|poke|p1|Rotom-Wash, L50|\n|poke|p1|Sneasler, L50, M|\n|poke|p1|Incineroar, L50, M|\n|poke|p2|Tyranitar, L50, F|\n|poke|p2|Gengar, L50, F|\n|poke|p2|Sneasler, L50, M|\n|poke|p2|Garchomp, L50, F|\n|poke|p2|Rotom-Wash, L50|\n|poke|p2|Incineroar, L50, F|\n|teampreview|4\n|\n|t:|1776085238\n|teamsize|p1|4\n|teamsize|p2|4\n|start\n|switch|p1a: Sneasler|Sneasler, L50, M|100/100\n|switch|p1b: Charizard|Charizard, L50, F, shiny|100/100\n|switch|p2a: Incineroar|Incineroar, L50, F|100/100\n|switch|p2b: Gengar|Gengar, L50, F|100/100\n|-ability|p2a: Incineroar|Intimidate|boost\n|-unboost|p1a: Sneasler|atk|1\n|-unboost|p1b: Charizard|atk|1\n|-enditem|p1a: Sneasler|White Herb\n|-clearnegativeboost|p1a: Sneasler|[silent]\n|turn|1\n|\n|t:|1776085255\n|detailschange|p1b: Charizard|Charizard-Mega-Y, L50, F, shiny\n|-mega|p1b: Charizard|Charizard|Charizardite Y\n|-weather|SunnyDay|[from] ability: Drought|[of] p1b: Charizard\n|detailschange|p2b: Gengar|Gengar-Mega, L50, F\n|-mega|p2b: Gengar|Gengar|Gengarite\n|move|p1a: Sneasler|Fake Out|p2a: Incineroar\n|-damage|p2a: Incineroar|88/100\n|cant|p2a: Incineroar|flinch\n|move|p2b: Gengar|Perish Song|p2b: Gengar\n|-start|p1a: Sneasler|perish3|[silent]\n|-start|p1b: Charizard|perish3|[silent]\n|-start|p2a: Incineroar|perish3|[silent]\n|-start|p2b: Gengar|perish3|[silent]\n|-fieldactivate|move: Perish Song\n|move|p1b: Charizard|Weather Ball|p2b: Gengar\n|-damage|p2b: Gengar|0 fnt\n|faint|p2b: Gengar\n|\n|-weather|SunnyDay|[upkeep]\n|-start|p1a: Sneasler|perish3\n|-start|p1b: Charizard|perish3\n|-start|p2a: Incineroar|perish3\n|upkeep\n|-message|Luxerna forfeited.\n|\n|win|tsukifrombilllie\n|raw|tsukifrombilllie's rating: 1120 &rarr; <strong>1148</strong><br />(+28 for winning)\n|raw|Luxerna's rating: 1168 &rarr; <strong>1140</strong><br />(-28 for losing)\n|l|\u2606Luxerna\n|player|p2|\n",
  "uploadtime": 1776085275,
  "views": 26,
  "formatid": "gen9championsvgc2026regma",
  "rating": 1140,
  "private": 0,
  "password": null
}