{
  "id": "gen9championsvgc2026regma-2588703293",
  "format": "[Gen 9 Champions] VGC 2026 Reg M-A",
  "players": [
    "It'sJustKen VGC",
    "21Kieran"
  ],
  "log": "|j|\u2606It'sJustKen VGC\n|j|\u260621Kieran\n|html|<table width=\"100%\"><tr><td align=\"left\">It&apos;sJustKen VGC</td><td align=\"right\">21Kieran</tr><tr><td align=\"left\"><i class=\"fa fa-circle-o\"></i> <i class=\"fa fa-circle-o\"></i> </td><td align=\"right\"><i class=\"fa fa-circle-o\"></i> <i class=\"fa fa-circle\"></i> </tr></table>\n|uhtml|bestof|<h2><strong>Game 2</strong> of <a href=\"/game-bestof3-gen9championsvgc2026regma-2588700631\">a best-of-3</a></h2>\n|t:|1776659657\n|gametype|doubles\n|player|p1|It'sJustKen VGC|player-go|\n|player|p2|21Kieran|gwynn|\n|gen|9\n|tier|[Gen 9 Champions] VGC 2026 Reg M-A\n|rated|Tournament battle\n|rule|Species Clause: Limit one of each Pok\u00e9mon\n|rule|Item Clause: Limit 1 of each item\n|raw|<div class=\"infobox\"><details class=\"readmore\" open><summary><strong>2 custom rules:</strong></summary> Force Open Team Sheets, Best of = 3</details></div>\n|clearpoke\n|poke|p1|Floette-Eternal, L50, F|\n|poke|p1|Espathra, L50, M|\n|poke|p1|Incineroar, L50, F|\n|poke|p1|Sneasler, L50, M|\n|poke|p1|Basculegion, L50, M|\n|poke|p1|Kingambit, L50, M|\n|poke|p2|Scovillain, L50, M|\n|poke|p2|Espathra, L50, M|\n|poke|p2|Milotic, L50, F|\n|poke|p2|Floette-Eternal, L50, F|\n|poke|p2|Sneasler, L50, F|\n|poke|p2|Incineroar, L50, F|\n|teampreview|4\n|showteam|p1|Floette-Eternal||Floettite|FlowerVeil|Protect,Moonblast,DazzlingGleam,Substitute|||F|||50|]Espathra||FocusSash|SpeedBoost|Protect,LuminaCrash,HelpingHand,TrickRoom|||M|||50|]Incineroar||SitrusBerry|Intimidate|FakeOut,PartingShot,FlareBlitz,Taunt|||F|||50|]Sneasler||WhiteHerb|Unburden|Protect,DireClaw,CloseCombat,FakeOut|||M|||50|]Basculegion||ChoiceScarf|Adaptability|WaveCrash,FlipTurn,AquaJet,LastRespects|||M|||50|]Kingambit||BlackGlasses|Defiant|Protect,SuckerPunch,SwordsDance,KowtowCleave|||M|||50|\n|showteam|p2|Scovillain||Scovillainite|Chlorophyll|Overheat,LeafStorm,RagePowder,Protect|||M|||50|]Espathra||FocusSash|SpeedBoost|LuminaCrash,BatonPass,CalmMind,Protect|||M|||50|]Milotic||Leftovers|Competitive|MuddyWater,IceBeam,Coil,Recover|||F|||50|]Floette-Eternal||Floettite|FlowerVeil|Moonblast,DazzlingGleam,Synthesis,Protect|||F|||50|]Sneasler||WhiteHerb|Unburden|CloseCombat,GunkShot,FakeOut,Protect|||F|||50|]Incineroar||SitrusBerry|Intimidate|FlareBlitz,DarkestLariat,PartingShot,FakeOut|||F|||50|\n|inactive|Battle timer is ON: inactive players will automatically lose when time's up. (requested by It'sJustKen VGC)\n|inactive|21Kieran also wants the timer to be on.\n|j| toadsamongmen\n|inactive|21Kieran has 60 seconds left.\n|\n|t:|1776659691\n|teamsize|p1|4\n|teamsize|p2|4\n|start\n|switch|p1a: Just Dance|Floette-Eternal, L50, F|100/100\n|switch|p1b: Bad Romance|Espathra, L50, M|100/100\n|switch|p2a: Espathra|Espathra, L50, M|100/100\n|switch|p2b: Scovillain|Scovillain, L50, M|100/100\n|turn|1\n|\n|t:|1776659713\n|detailschange|p1a: Just Dance|Floette-Mega, L50, F\n|-mega|p1a: Just Dance|Floette|Floettite\n|-ability|p1a: Just Dance|Fairy Aura\n|move|p2a: Espathra|Calm Mind|p2a: Espathra\n|-boost|p2a: Espathra|spa|1\n|-boost|p2a: Espathra|spd|1\n|move|p1b: Bad Romance|Lumina Crash|p2a: Espathra\n|-resisted|p2a: Espathra|1\n|-damage|p2a: Espathra|83/100\n|-unboost|p2a: Espathra|spd|2\n|move|p1a: Just Dance|Moonblast|p2a: Espathra\n|-damage|p2a: Espathra|0 fnt\n|faint|p2a: Espathra\n|move|p2b: Scovillain|Overheat|p1a: Just Dance\n|-damage|p1a: Just Dance|60/100\n|-unboost|p2b: Scovillain|spa|2\n|\n|-ability|p1b: Bad Romance|Speed Boost|boost\n|-boost|p1b: Bad Romance|spe|1\n|upkeep\n|inactive|21Kieran has 30 seconds left.\n|c|\u260621Kieran|hm okay\n|inactive|21Kieran has 20 seconds left.\n|\n|t:|1776659749\n|switch|p2a: Floette|Floette-Eternal, L50, F|100/100\n|turn|2\n|-message|21Kieran forfeited.\n|\n|win|It'sJustKen VGC\n||21Kieran is ready for game 3.\n|j| Uzumaki Meruem\n|inactive|It'sJustKen VGC has 30 seconds to confirm battle start!\n||It'sJustKen VGC is ready for game 3.\n|uhtml|next|Next: <a href=\"/battle-gen9championsvgc2026regma-2588704181\"><strong>Game 3 of 3</strong></a>\n|l|\u2606It'sJustKen VGC\n|player|p1|\n|l| Uzumaki Meruem\n|j|\u2606It'sJustKen VGC\n|player|p1|It'sJustKen VGC|player-go|\n",
  "uploadtime": 1776659756,
  "views": 4,
  "formatid": "gen9championsvgc2026regma",
  "rating": null,
  "private": 0,
  "password": null
}