{
  "id": "gen9championsvgc2026regma-2585326830",
  "format": "[Gen 9 Champions] VGC 2026 Reg M-A",
  "players": [
    "letslarpjane",
    "Zappyzap01"
  ],
  "log": "|j|\u2606letslarpjane\n|j|\u2606Zappyzap01\n|t:|1776338119\n|gametype|doubles\n|player|p1|letslarpjane|2|1403\n|player|p2|Zappyzap01|benga|1408\n|gen|9\n|tier|[Gen 9 Champions] VGC 2026 Reg M-A\n|rated|\n|rule|Species Clause: Limit one of each Pok\u00e9mon\n|rule|Item Clause: Limit 1 of each item\n|clearpoke\n|poke|p1|Sneasler, L50, F|\n|poke|p1|Kingambit, L50, F|\n|poke|p1|Aerodactyl, L50, M|\n|poke|p1|Froslass, L50, F|\n|poke|p1|Ninetales-Alola, L50, F|\n|poke|p1|Basculegion, L50, M|\n|poke|p2|Sylveon, L50, F|\n|poke|p2|Camerupt, L50, M|\n|poke|p2|Sableye, L50, M|\n|poke|p2|Oranguru, L50, M|\n|poke|p2|Torkoal, L50, F|\n|poke|p2|Meganium, L50, F|\n|teampreview|4\n|inactive|Battle timer is ON: inactive players will automatically lose when time's up. (requested by Zappyzap01)\n|inactive|letslarpjane has 60 seconds left.\n|\n|t:|1776338172\n|teamsize|p1|4\n|teamsize|p2|4\n|start\n|switch|p1a: Basculegion|Basculegion, L50, M|100/100\n|switch|p1b: Kingambit|Kingambit, L50, F|100/100\n|switch|p2a: Oranguru|Oranguru, L50, M, shiny|100/100\n|switch|p2b: Sylveon|Sylveon, L50, F, shiny|100/100\n|turn|1\n|\n|t:|1776338190\n|move|p2a: Oranguru|Protect|p2a: Oranguru\n|-singleturn|p2a: Oranguru|Protect\n|move|p1a: Basculegion|Wave Crash|p2a: Oranguru\n|-activate|p2a: Oranguru|move: Protect\n|move|p2b: Sylveon|Hyper Voice|p1b: Kingambit|[spread] p1a,p1b\n|-damage|p1a: Basculegion|42/100\n|-damage|p1b: Kingambit|55/100\n|move|p1b: Kingambit|Iron Head|p2a: Oranguru\n|-activate|p2a: Oranguru|move: Protect\n|\n|upkeep\n|turn|2\n|\n|t:|1776338207\n|switch|p2a: Torkoal|Torkoal, L50, F, shiny|100/100\n|-weather|SunnyDay|[from] ability: Drought|[of] p2a: Torkoal\n|move|p1a: Basculegion|Wave Crash|p2a: Torkoal\n|-supereffective|p2a: Torkoal|1\n|-damage|p2a: Torkoal|44/100\n|-damage|p1a: Basculegion|25/100|[from] Recoil\n|move|p2b: Sylveon|Weather Ball|p1b: Kingambit\n|-supereffective|p1b: Kingambit|1\n|-damage|p1b: Kingambit|0 fnt\n|faint|p1b: Kingambit\n|\n|-weather|SunnyDay|[upkeep]\n|upkeep\n|\n|t:|1776338221\n|switch|p1b: Froslass|Froslass, L50, F|100/100\n|turn|3\n|\n|t:|1776338230\n|detailschange|p1b: Froslass|Froslass-Mega, L50, F\n|-mega|p1b: Froslass|Froslass|Froslassite\n|-weather|Snowscape|[from] ability: Snow Warning|[of] p1b: Froslass\n|move|p2a: Torkoal|Protect|p2a: Torkoal\n|-singleturn|p2a: Torkoal|Protect\n|move|p1a: Basculegion|Wave Crash|p2a: Torkoal\n|-activate|p2a: Torkoal|move: Protect\n|move|p1b: Froslass|Blizzard|p2a: Torkoal|[spread] p2b\n|-activate|p2a: Torkoal|move: Protect\n|-damage|p2b: Sylveon|66/100\n|move|p2b: Sylveon|Hyper Voice|p1a: Basculegion|[spread] p1a,p1b\n|-damage|p1a: Basculegion|0 fnt\n|-damage|p1b: Froslass|46/100\n|faint|p1a: Basculegion\n|\n|-weather|Snowscape|[upkeep]\n|upkeep\n|-message|letslarpjane forfeited.\n|\n|win|Zappyzap01\n|raw|letslarpjane's rating: 1403 &rarr; <strong>1383</strong><br />(-20 for losing)\n|raw|Zappyzap01's rating: 1408 &rarr; <strong>1428</strong><br />(+20 for winning)\n|l|\u2606letslarpjane\n|player|p1|\n|l|\u2606Zappyzap01\n|player|p2|\n",
  "uploadtime": 1776338245,
  "views": 48,
  "formatid": "gen9championsvgc2026regma",
  "rating": 1383,
  "private": 0,
  "password": null
}