{
  "id": "gen9championsvgc2026regma-2582381706",
  "format": "[Gen 9 Champions] VGC 2026 Reg M-A",
  "players": [
    "squirethe2nd",
    "poketrainer1654"
  ],
  "log": "|j|\u2606squirethe2nd\n|j|\u2606poketrainer1654\n|t:|1776087896\n|gametype|doubles\n|player|p1|squirethe2nd|steven|1173\n|player|p2|poketrainer1654|ethan|1189\n|gen|9\n|tier|[Gen 9 Champions] VGC 2026 Reg M-A\n|rated|\n|rule|Species Clause: Limit one of each Pok\u00e9mon\n|rule|Item Clause: Limit 1 of each item\n|clearpoke\n|poke|p1|Charizard, L50, F|\n|poke|p1|Sneasler, L50, M|\n|poke|p1|Incineroar, L50, F|\n|poke|p1|Whimsicott, L50, M|\n|poke|p1|Rotom-Wash, L50|\n|poke|p1|Garchomp, L50, M|\n|poke|p2|Kangaskhan, L50, F|\n|poke|p2|Gengar, L50, M|\n|poke|p2|Decidueye-Hisui, L50, F|\n|poke|p2|Arcanine-Hisui, L50, M|\n|poke|p2|Altaria, L50, M|\n|poke|p2|Primarina, L50, F|\n|teampreview|4\n|inactive|Battle timer is ON: inactive players will automatically lose when time's up. (requested by poketrainer1654)\n|inactive|squirethe2nd also wants the timer to be on.\n|inactive|poketrainer1654 has 60 seconds left.\n|\n|t:|1776087942\n|teamsize|p1|4\n|teamsize|p2|4\n|start\n|switch|p1a: Charizard|Charizard, L50, F|100/100\n|switch|p1b: Garchomp|Garchomp, L50, M|100/100\n|switch|p2a: Gengar|Gengar, L50, M|100/100\n|switch|p2b: Decidueye|Decidueye-Hisui, L50, F|100/100\n|turn|1\n|\n|t:|1776087961\n|switch|p2b: Kangaskhan|Kangaskhan, L50, F|100/100\n|detailschange|p2a: Gengar|Gengar-Mega, L50, M\n|-mega|p2a: Gengar|Gengar|Gengarite\n|detailschange|p1a: Charizard|Charizard-Mega-Y, L50, F\n|-mega|p1a: Charizard|Charizard|Charizardite Y\n|-weather|SunnyDay|[from] ability: Drought|[of] p1a: Charizard\n|move|p2a: Gengar|Protect|p2a: Gengar\n|-singleturn|p2a: Gengar|Protect\n|move|p1b: Garchomp|Earthquake|p2a: Gengar|[spread] p2b\n|-activate|p2a: Gengar|move: Protect\n|-immune|p1a: Charizard\n|-damage|p2b: Kangaskhan|61/100\n|move|p1a: Charizard|Heat Wave|p2a: Gengar|[spread] p2b\n|-activate|p2a: Gengar|move: Protect\n|-damage|p2b: Kangaskhan|0 fnt\n|faint|p2b: Kangaskhan\n|\n|-weather|SunnyDay|[upkeep]\n|upkeep\n|\n|t:|1776087965\n|switch|p2b: Primarina|Primarina, L50, F|100/100\n|turn|2\n|\n|t:|1776087983\n|move|p1b: Garchomp|Earthquake|p2b: Primarina|[spread] p2a,p2b\n|-immune|p1a: Charizard\n|-supereffective|p2a: Gengar|1\n|-damage|p2a: Gengar|0 fnt\n|-damage|p2b: Primarina|53/100\n|faint|p2a: Gengar\n|move|p1a: Charizard|Solar Beam||[still]\n|-prepare|p1a: Charizard|Solar Beam\n|-anim|p1a: Charizard|Solar Beam|p2b: Primarina\n|-supereffective|p2b: Primarina|1\n|-damage|p2b: Primarina|0 fnt\n|faint|p2b: Primarina\n|\n|-weather|SunnyDay|[upkeep]\n|upkeep\n|-message|poketrainer1654 forfeited.\n|\n|win|squirethe2nd\n|raw|squirethe2nd's rating: 1173 &rarr; <strong>1199</strong><br />(+26 for winning)\n|raw|poketrainer1654's rating: 1189 &rarr; <strong>1163</strong><br />(-26 for losing)\n|l|\u2606poketrainer1654\n|player|p2|\n",
  "uploadtime": 1776088000,
  "views": 15,
  "formatid": "gen9championsvgc2026regma",
  "rating": 1163,
  "private": 0,
  "password": null
}