{
  "id": "gen9championsvgc2026regma-2586251475",
  "format": "[Gen 9 Champions] VGC 2026 Reg M-A",
  "players": [
    "StrawberryBalloons",
    "nrld"
  ],
  "log": "|j|\u203dStrawberryBalloons\n|j|\u2606nrld\n|t:|1776417500\n|gametype|doubles\n|player|p1|StrawberryBalloons|fisherman-gen4|1295\n|player|p2|nrld|101|1235\n|gen|9\n|tier|[Gen 9 Champions] VGC 2026 Reg M-A\n|rated|\n|rule|Species Clause: Limit one of each Pok\u00e9mon\n|rule|Item Clause: Limit 1 of each item\n|clearpoke\n|poke|p1|Slowbro, L50, F|\n|poke|p1|Araquanid, L50, M|\n|poke|p1|Oranguru, L50, M|\n|poke|p1|Incineroar, L50, F|\n|poke|p1|Garchomp, L50, F|\n|poke|p1|Talonflame, L50, M|\n|poke|p2|Incineroar, L50, M|\n|poke|p2|Farigiraf, L50, F|\n|poke|p2|Chesnaught, L50, M|\n|poke|p2|Basculegion-F, L50, F|\n|poke|p2|Avalugg-Hisui, L50, M|\n|poke|p2|Oranguru, L50, F|\n|teampreview|4\n|inactive|Battle timer is ON: inactive players will automatically lose when time's up. (requested by StrawberryBalloons)\n|\n|t:|1776417527\n|teamsize|p1|4\n|teamsize|p2|4\n|start\n|switch|p1a: Slowbro|Slowbro, L50, F|100/100\n|switch|p1b: Araquanid|Araquanid, L50, M|100/100\n|switch|p2a: Blue|Avalugg-Hisui, L50, M|100/100\n|switch|p2b: Orange|Farigiraf, L50, F|100/100\n|turn|1\n|\n|t:|1776417533\n|detailschange|p1a: Slowbro|Slowbro-Mega, L50, F\n|-mega|p1a: Slowbro|Slowbro|Slowbronite\n|move|p2b: Orange|Calm Mind|p2b: Orange\n|-boost|p2b: Orange|spa|1\n|-boost|p2b: Orange|spd|1\n|move|p1b: Araquanid|Entrainment|p1a: Slowbro\n|-ability|p1a: Slowbro|Water Bubble|Shell Armor|[from] move: Entrainment|[of] p1b: Araquanid\n|move|p2a: Blue|Rock Slide|p1b: Araquanid|[spread] p1a,p1b\n|-supereffective|p1b: Araquanid|1\n|-damage|p1a: Slowbro|87/100\n|-damage|p1b: Araquanid|42/100\n|move|p1a: Slowbro|Nasty Plot|p1a: Slowbro\n|-boost|p1a: Slowbro|spa|2\n|\n|upkeep\n|turn|2\n|\n|t:|1776417555\n|move|p1b: Araquanid|Wide Guard|p1b: Araquanid\n|-singleturn|p1b: Araquanid|Wide Guard\n|move|p2b: Orange|Hyper Voice|p1a: Slowbro|[spread] \n|-activate|p1a: Slowbro|move: Wide Guard\n|-activate|p1b: Araquanid|move: Wide Guard\n|move|p2a: Blue|Rock Slide|p1a: Slowbro|[spread] \n|-activate|p1a: Slowbro|move: Wide Guard\n|-activate|p1b: Araquanid|move: Wide Guard\n|move|p1a: Slowbro|Surf|p2b: Orange|[spread] p2a,p2b\n|-activate|p1b: Araquanid|move: Wide Guard\n|-supereffective|p2a: Blue|1\n|-crit|p2a: Blue\n|-ability|p2a: Blue|Sturdy\n|-damage|p2a: Blue|1/100\n|-damage|p2b: Orange|15/100\n|\n|upkeep\n|turn|3\n|\n|t:|1776417574\n|move|p1b: Araquanid|Wide Guard|p1b: Araquanid\n|-singleturn|p1b: Araquanid|Wide Guard\n|move|p2b: Orange|Hyper Voice|p1b: Araquanid|[spread] \n|-activate|p1a: Slowbro|move: Wide Guard\n|-activate|p1b: Araquanid|move: Wide Guard\n|move|p2a: Blue|Mountain Gale|p1b: Araquanid\n|-resisted|p1b: Araquanid|1\n|-damage|p1b: Araquanid|11/100\n|move|p1a: Slowbro|Surf|p2b: Orange|[spread] p2a,p2b\n|-activate|p1b: Araquanid|move: Wide Guard\n|-supereffective|p2a: Blue|1\n|-damage|p2a: Blue|0 fnt\n|-damage|p2b: Orange|0 fnt\n|faint|p2a: Blue\n|faint|p2b: Orange\n|\n|upkeep\n|-message|nrld forfeited.\n|\n|win|StrawberryBalloons\n|raw|StrawberryBalloons's rating: 1295 &rarr; <strong>1316</strong><br />(+21 for winning)\n|raw|nrld's rating: 1235 &rarr; <strong>1214</strong><br />(-21 for losing)\n|l|\u2606nrld\n|player|p2|\n",
  "uploadtime": 1776417589,
  "views": 47,
  "formatid": "gen9championsvgc2026regma",
  "rating": 1214,
  "private": 0,
  "password": null
}