{
  "id": "gen9championsvgc2026regma-2584079511",
  "format": "[Gen 9 Champions] VGC 2026 Reg M-A",
  "players": [
    "FriendlinessPellet",
    "grape city"
  ],
  "log": "|j|\u2606FriendlinessPellet\n|j|\u2606grape city\n|t:|1776223028\n|gametype|doubles\n|player|p1|FriendlinessPellet|pokekid|\n|player|p2|grape city|infielder|\n|gen|9\n|tier|[Gen 9 Champions] VGC 2026 Reg M-A\n|rated|Tournament battle\n|rule|Species Clause: Limit one of each Pok\u00e9mon\n|rule|Item Clause: Limit 1 of each item\n|raw|<div class=\"infobox\"><details class=\"readmore\" open><summary><strong>1 custom rule:</strong></summary> Force Open Team Sheets</details></div>\n|clearpoke\n|poke|p1|Orthworm, L50, F|\n|poke|p1|Tyranitar, L50, M|\n|poke|p1|Incineroar, L50, F|\n|poke|p1|Primarina, L50, F|\n|poke|p1|Corviknight, L50, M|\n|poke|p1|Garchomp, L50, F|\n|poke|p2|Gengar, L50, M|\n|poke|p2|Palafin, L50, F|\n|poke|p2|Pelipper, L50, F|\n|poke|p2|Kingambit, L50, F|\n|poke|p2|Dragonite, L50, F|\n|poke|p2|Incineroar, L50, M|\n|teampreview|4\n|showteam|p1|Orthworm||SitrusBerry|EarthEater|ShedTail,BodyPress,Protect,IronDefense|||F|||50|]Tyranitar||Tyranitarite|SandStream|LowKick,RockSlide,KnockOff,Protect|||M|||50|]Incineroar||ChopleBerry|Intimidate|FakeOut,ThroatChop,PartingShot,FlareBlitz|||F|||50|]Primarina||FairyFeather|LiquidVoice|HyperVoice,DazzlingGleam,Moonblast,Protect|||F|||50|]Corviknight||Leftovers|MirrorArmor|BraveBird,BodyPress,Roost,Tailwind|||M|||50|]Garchomp||BrightPowder|SandVeil|SwordsDance,ScaleShot,Earthquake,Protect|||F|||50|\n|showteam|p2|Gengar||Gengarite|CursedBody|ShadowBall,SludgeBomb,IcyWind,Protect|||M|||50|]Palafin||MysticWater|ZerotoHero|WaveCrash,JetPunch,CloseCombat,Protect|||F|||50|]Pelipper||ChoiceScarf|Drizzle|Hurricane,MuddyWater,WeatherBall,Tailwind|||F|||50|]Kingambit||ChopleBerry|Defiant|KowtowCleave,IronHead,SuckerPunch,LowKick|||F|||50|]Dragonite||LumBerry|InnerFocus|ScaleShot,ExtremeSpeed,RockSlide,Protect|||F|||50|]Incineroar||SitrusBerry|Intimidate|ThroatChop,PartingShot,HelpingHand,FakeOut|||M|||50|\n|inactive|Battle timer is ON: inactive players will automatically lose when time's up. (requested by FriendlinessPellet)\n|j| Tiefighter450\n|j| OnToTheOther\n|inactive|grape city has 60 seconds left.\n|j| thebusinesspiggy2\n|j|@Radio Free C-Side\n|l|\u2606FriendlinessPellet\n|inactive|FriendlinessPellet disconnected and has a minute to reconnect!\n|player|p1|\n|inactive|grape city has 30 seconds left.\n|\n|t:|1776223092\n|teamsize|p1|4\n|teamsize|p2|4\n|start\n|switch|p1a: Orthworm|Orthworm, L50, F|100/100\n|switch|p1b: Corviknight|Corviknight, L50, M|100/100\n|switch|p2a: Gengar|Gengar, L50, M|100/100\n|switch|p2b: Palafin|Palafin, L50, F|100/100\n|turn|1\n|j|\u2606FriendlinessPellet\n|inactive|FriendlinessPellet reconnected and has 55 seconds left.\n|player|p1|FriendlinessPellet|pokekid|\n|c|\u2606FriendlinessPellet|Sorry I've bad internet rn\n|l|\u2606FriendlinessPellet\n|inactive|FriendlinessPellet disconnected and has a minute to reconnect!\n|player|p1|\n|inactive|grape city has 30 seconds left.\n|\n|t:|1776223121\n|detailschange|p2a: Gengar|Gengar-Mega, L50, M\n|-mega|p2a: Gengar|Gengar|Gengarite\n|move|p2a: Gengar|Shadow Ball|p1a: Orthworm\n|-damage|p1a: Orthworm|17/100\n|-enditem|p1a: Orthworm|Sitrus Berry|[eat]\n|-heal|p1a: Orthworm|42/100|[from] item: Sitrus Berry\n|move|p2b: Palafin|Wave Crash|p1a: Orthworm\n|-damage|p1a: Orthworm|16/100\n|-damage|p2b: Palafin|92/100|[from] Recoil\n|move|p1b: Corviknight|Tailwind|p1b: Corviknight\n|-sidestart|p1: FriendlinessPellet|move: Tailwind\n|move|p1a: Orthworm|Shed Tail|p1a: Orthworm\n|-fail|p1a: Orthworm|move: Shed Tail|[weak]\n|\n|upkeep\n|turn|2\n|j|\u2606FriendlinessPellet\n|inactive|FriendlinessPellet reconnected and has 55 seconds left.\n|player|p1|FriendlinessPellet|pokekid|\n|j| Rainpelt103\n|j| relaire\n|\n|t:|1776223145\n|detailschange|p2b: Palafin|Palafin-Hero, L50, F\n|switch|p2b: Pelipper|Pelipper, L50, F|100/100\n|-weather|RainDance|[from] ability: Drizzle|[of] p2b: Pelipper\n|move|p2a: Gengar|Shadow Ball|p1a: Orthworm\n|-damage|p1a: Orthworm|0 fnt\n|faint|p1a: Orthworm\n|move|p1b: Corviknight|Brave Bird|p2a: Gengar\n|-damage|p2a: Gengar|44/100\n|-damage|p1b: Corviknight|88/100|[from] Recoil\n|\n|-weather|RainDance|[upkeep]\n|-heal|p1b: Corviknight|94/100|[from] item: Leftovers\n|upkeep\n|\n|t:|1776223151\n|switch|p1a: Tyranitar|Tyranitar, L50, M|100/100\n|-weather|Sandstorm|[from] ability: Sand Stream|[of] p1a: Tyranitar\n|turn|3\n|j| TheRealMyan\n|j|%Tb0lt\n|\n|t:|1776223173\n|switch|p2b: Kingambit|Kingambit, L50, F|100/100\n|move|p2a: Gengar|Shadow Ball|p1b: Corviknight\n|-damage|p1b: Corviknight|44/100\n|move|p1a: Tyranitar|Rock Slide|p2a: Gengar|[spread] p2a,p2b\n|-resisted|p2b: Kingambit|1\n|-damage|p2a: Gengar|0 fnt\n|-damage|p2b: Kingambit|89/100\n|faint|p2a: Gengar\n|move|p1b: Corviknight|Brave Bird|p2b: Kingambit\n|-resisted|p2b: Kingambit|1\n|-damage|p2b: Kingambit|77/100\n|-damage|p1b: Corviknight|40/100|[from] Recoil\n|\n|-weather|Sandstorm|[upkeep]\n|-heal|p1b: Corviknight|46/100|[from] item: Leftovers\n|upkeep\n|\n|t:|1776223188\n|switch|p2a: Palafin|Palafin-Hero, L50, F|92/100\n|-activate|p2a: Palafin|ability: Zero to Hero\n|turn|4\n|inactive|FriendlinessPellet has 30 seconds left.\n|inactive|FriendlinessPellet has 20 seconds left.\n|inactive|FriendlinessPellet has 15 seconds left.\n|l|\u2606FriendlinessPellet\n|inactive|FriendlinessPellet disconnected and has a minute to reconnect!\n|player|p1|\n|inactive|FriendlinessPellet has 10 seconds left.\n|inactive|FriendlinessPellet has 5 seconds left.\n|-message|FriendlinessPellet lost due to inactivity.\n|\n|win|grape city\n|n|\u2606grape city|grapecity\n|n| Tiefighter450|tiefighter450\n|n| OnToTheOther|ontotheother\n|n| thebusinesspiggy2|thebusinesspiggy2\n|n|+Radio Free C-Side|radiofreecside\n|n| Rainpelt103|rainpelt103\n|n| relaire|relaire\n|n| TheRealMyan|therealmyan\n|n|%Tb0lt|tb0lt\n|j|\u2606FriendlinessPellet\n|player|p1|FriendlinessPellet|pokekid|\n|l| TheRealMyan\n|c|\u2606grape city|:(\n|l| Tiefighter450\n|l|\u2606FriendlinessPellet\n|player|p1|\n|l| thebusinesspiggy2\n|l| Rainpelt103\n|l| relaire\n|l| OnToTheOther\n|l|+Radio Free C-Side\n",
  "uploadtime": 1776223457,
  "views": 19,
  "formatid": "gen9championsvgc2026regma",
  "rating": null,
  "private": 0,
  "password": null
}