{
  "id": "gen9championsvgc2026regma-2586010932",
  "format": "[Gen 9 Champions] VGC 2026 Reg M-A",
  "players": [
    "Saachan46",
    "Skadoty"
  ],
  "log": "|j|\u2606Saachan46\n|j|\u2606Skadoty\n|t:|1776390028\n|gametype|doubles\n|player|p1|Saachan46|170|1182\n|player|p2|Skadoty|169|1198\n|gen|9\n|tier|[Gen 9 Champions] VGC 2026 Reg M-A\n|rated|\n|rule|Species Clause: Limit one of each Pok\u00e9mon\n|rule|Item Clause: Limit 1 of each item\n|clearpoke\n|poke|p1|Floette-Eternal, L50, F|\n|poke|p1|Aegislash, L50, M|\n|poke|p1|Incineroar, L50, M|\n|poke|p1|Sneasler, L50, M|\n|poke|p1|Rotom-Wash, L50|\n|poke|p1|Greninja-*, L50, M|\n|poke|p2|Meowscarada, L50, F|\n|poke|p2|Farigiraf, L50, M|\n|poke|p2|Torkoal, L50, F|\n|poke|p2|Crabominable, L50, F|\n|poke|p2|Kingambit, L50, M|\n|poke|p2|Whimsicott, L50, M|\n|teampreview|4\n|inactive|Battle timer is ON: inactive players will automatically lose when time's up. (requested by Skadoty)\n|inactive|Saachan46 has 60 seconds left.\n|inactive|Skadoty has 60 seconds left.\n|\n|t:|1776390070\n|teamsize|p1|4\n|teamsize|p2|4\n|start\n|switch|p1a: Greninja|Greninja, L50, M|100/100\n|switch|p1b: Sneasler|Sneasler, L50, M|100/100\n|switch|p2a: Farigiraf|Farigiraf, L50, M|100/100\n|switch|p2b: Torkoal|Torkoal, L50, F|100/100\n|-weather|SunnyDay|[from] ability: Drought|[of] p2b: Torkoal\n|turn|1\n|inactive|Saachan46 has 30 seconds left.\n|\n|t:|1776390101\n|detailschange|p1a: Greninja|Greninja-Mega, L50, M\n|-mega|p1a: Greninja|Greninja|Greninjite\n|move|p1a: Greninja|Dark Pulse|p2a: Farigiraf\n|-start|p1a: Greninja|typechange|Dark|[from] ability: Protean\n|-supereffective|p2a: Farigiraf|1\n|-enditem|p2a: Farigiraf|Colbur Berry|[eat]\n|-enditem|p2a: Farigiraf|Colbur Berry|[weaken]\n|-damage|p2a: Farigiraf|62/100\n|move|p1b: Sneasler|Dire Claw|p2a: Farigiraf\n|-damage|p2a: Farigiraf|26/100\n|move|p2b: Torkoal|Solar Beam||[still]\n|-prepare|p2b: Torkoal|Solar Beam\n|-anim|p2b: Torkoal|Solar Beam|p1a: Greninja\n|-damage|p1a: Greninja|49/100\n|move|p2a: Farigiraf|Trick Room|p2a: Farigiraf\n|-fieldstart|move: Trick Room|[of] p2a: Farigiraf\n|\n|-weather|SunnyDay|[upkeep]\n|upkeep\n|turn|2\n|-message|Saachan46 forfeited.\n|\n|win|Skadoty\n|raw|Saachan46's rating: 1182 &rarr; <strong>1158</strong><br />(-24 for losing)\n|raw|Skadoty's rating: 1198 &rarr; <strong>1222</strong><br />(+24 for winning)\n",
  "uploadtime": 1776390114,
  "views": 31,
  "formatid": "gen9championsvgc2026regma",
  "rating": 1158,
  "private": 0,
  "password": null
}