{
  "id": "gen9championsvgc2026regma-2587972129",
  "format": "[Gen 9 Champions] VGC 2026 Reg M-A",
  "players": [
    "mag10",
    "chancleur"
  ],
  "log": "|j|\u2606mag10\n|j|\u2606chancleur\n|t:|1776586887\n|gametype|doubles\n|player|p1|mag10|170|1039\n|player|p2|chancleur|266|1000\n|gen|9\n|tier|[Gen 9 Champions] VGC 2026 Reg M-A\n|rated|\n|rule|Species Clause: Limit one of each Pok\u00e9mon\n|rule|Item Clause: Limit 1 of each item\n|clearpoke\n|poke|p1|Starmie, L50|\n|poke|p1|Aegislash, L50, M|\n|poke|p1|Sneasler, L50, F|\n|poke|p1|Pelipper, L50, M|\n|poke|p1|Archaludon, L50, F|\n|poke|p1|Maushold, L50|\n|poke|p2|Starmie, L50|\n|poke|p2|Incineroar, L50, M|\n|poke|p2|Sinistcha, L50|\n|poke|p2|Garchomp, L50, F|\n|poke|p2|Aerodactyl, L50, M|\n|poke|p2|Tyranitar, L50, M|\n|teampreview|4\n|inactive|Battle timer is ON: inactive players will automatically lose when time's up. (requested by chancleur)\n|inactive|mag10 also wants the timer to be on.\nmag10 has agreed to open team sheets.\n|\n|t:|1776586914\n|teamsize|p1|4\n|teamsize|p2|4\n|start\n|switch|p1a: Starmie|Starmie, L50|100/100\n|switch|p1b: Sneasler|Sneasler, L50, F|100/100\n|switch|p2a: Starmie|Starmie, L50|100/100\n|switch|p2b: Tyranitar|Tyranitar, L50, M|100/100\n|-weather|Sandstorm|[from] ability: Sand Stream|[of] p2b: Tyranitar\n|turn|1\n|inactive|mag10 has 30 seconds left.\n|\n|t:|1776586943\n|switch|p1a: Pelipper|Pelipper, L50, M|100/100\n|-weather|RainDance|[from] ability: Drizzle|[of] p1a: Pelipper\n|move|p2b: Tyranitar|Protect|p2b: Tyranitar\n|-singleturn|p2b: Tyranitar|Protect\n|move|p1b: Sneasler|Close Combat|p2b: Tyranitar\n|-activate|p2b: Tyranitar|move: Protect\n|move|p2a: Starmie|Skill Swap|p2b: Tyranitar\n|-activate|p2b: Tyranitar|move: Protect\n|\n|-weather|RainDance|[upkeep]\n|upkeep\n|turn|2\n|inactive|chancleur has 30 seconds left.\n|inactive|chancleur has 20 seconds left.\n|\n|t:|1776586981\n|switch|p1a: Starmie|Starmie, L50|100/100\n|detailschange|p2a: Starmie|Starmie-Mega, L50\n|-mega|p2a: Starmie|Starmie|Starminite\n|move|p2b: Tyranitar|Protect||[still]\n|-fail|p2b: Tyranitar\n|move|p1b: Sneasler|Dire Claw|p2a: Starmie\n|-damage|p2a: Starmie|46/100\n|move|p2a: Starmie|Liquidation|p1b: Sneasler\n|-damage|p1b: Sneasler|0 fnt\n|faint|p1b: Sneasler\n|\n|-weather|RainDance|[upkeep]\n|upkeep\n|\n|t:|1776586995\n|switch|p1b: Archaludon|Archaludon, L50, F|100/100\n|turn|3\n|inactive|chancleur has 30 seconds left.\n|\n|t:|1776587021\n|switch|p2b: Garchomp|Garchomp, L50, F|100/100\n|detailschange|p1a: Starmie|Starmie-Mega, L50\n|-mega|p1a: Starmie|Starmie|Starminite\n|move|p2a: Starmie|Skill Swap|p2b: Garchomp\n|-activate|p2a: Starmie|Skill Swap|||[of] p2b: Garchomp\n|move|p1a: Starmie|Liquidation|p2b: Garchomp\n|-damage|p2b: Garchomp|0 fnt\n|faint|p2b: Garchomp\n|move|p1b: Archaludon|Electro Shot||[still]\n|-prepare|p1b: Archaludon|Electro Shot\n|-boost|p1b: Archaludon|spa|1\n|-anim|p1b: Archaludon|Electro Shot|p2a: Starmie\n|-supereffective|p2a: Starmie|1\n|-damage|p2a: Starmie|0 fnt\n|faint|p2a: Starmie\n|\n|-weather|RainDance|[upkeep]\n|upkeep\n|\n|t:|1776587032\n|switch|p2a: Tyranitar|Tyranitar, L50, M|100/100\n|switch|p2b: Incineroar|Incineroar, L50, M|100/100\n|-weather|Sandstorm|[from] ability: Sand Stream|[of] p2a: Tyranitar\n|-ability|p2b: Incineroar|Intimidate|boost\n|-unboost|p1a: Starmie|atk|1\n|-unboost|p1b: Archaludon|atk|1\n|turn|4\n|\n|t:|1776587053\n|switch|p1a: Pelipper|Pelipper, L50, M|100/100\n|-weather|RainDance|[from] ability: Drizzle|[of] p1a: Pelipper\n|move|p2b: Incineroar|Fake Out|p1a: Pelipper\n|-damage|p1a: Pelipper|87/100\n|move|p2a: Tyranitar|Rock Slide|p1a: Pelipper|[spread] p1a,p1b\n|-supereffective|p1a: Pelipper|1\n|-resisted|p1b: Archaludon|1\n|-damage|p1a: Pelipper|0 fnt\n|-damage|p1b: Archaludon|89/100\n|-ability|p1b: Archaludon|Stamina|boost\n|-boost|p1b: Archaludon|def|1\n|faint|p1a: Pelipper\n|move|p1b: Archaludon|Flash Cannon|p2a: Tyranitar\n|-supereffective|p2a: Tyranitar|1\n|-damage|p2a: Tyranitar|0 fnt\n|faint|p2a: Tyranitar\n|\n|-weather|RainDance|[upkeep]\n|-heal|p1b: Archaludon|95/100|[from] item: Leftovers\n|upkeep\n|-message|chancleur forfeited.\n|\n|win|mag10\n|raw|mag10's rating: 1039 &rarr; <strong>1069</strong><br />(+30 for winning)\n|raw|chancleur's rating: 1000 &rarr; <strong>1000</strong><br />(+0 for losing)\n|l|\u2606chancleur\n|player|p2|\n",
  "uploadtime": 1776587066,
  "views": 13,
  "formatid": "gen9championsvgc2026regma",
  "rating": 1000,
  "private": 0,
  "password": null
}