{
  "id": "gen9championsvgc2026regma-2588563079",
  "format": "[Gen 9 Champions] VGC 2026 Reg M-A",
  "players": [
    "Pelaga",
    "Better Luck VGC"
  ],
  "log": "|j|\u2606Pelaga\n|j|\u2606Better Luck VGC\n|t:|1776645299\n|gametype|doubles\n|player|p1|Pelaga|170|1148\n|player|p2|Better Luck VGC|caitlin|1207\n|gen|9\n|tier|[Gen 9 Champions] VGC 2026 Reg M-A\n|rated|\n|rule|Species Clause: Limit one of each Pok\u00e9mon\n|rule|Item Clause: Limit 1 of each item\n|clearpoke\n|poke|p1|Incineroar, L50, M|\n|poke|p1|Floette-Eternal, L50, F|\n|poke|p1|Tyranitar, L50, M|\n|poke|p1|Excadrill, L50, M|\n|poke|p1|Sinistcha, L50|\n|poke|p1|Corviknight, L50, F|\n|poke|p2|Meganium, L50, F|\n|poke|p2|Tyranitar, L50, F|\n|poke|p2|Sinistcha, L50|\n|poke|p2|Basculegion, L50, M|\n|poke|p2|Incineroar, L50, M|\n|poke|p2|Aerodactyl, L50, F|\n|teampreview|4\n|\n|t:|1776645353\n|teamsize|p1|4\n|teamsize|p2|4\n|start\n|switch|p1a: Incineroar|Incineroar, L50, M|100/100\n|switch|p1b: Corviknight|Corviknight, L50, F|100/100\n|switch|p2a: Cecilily|Meganium, L50, F|100/100\n|switch|p2b: Aerodactyl|Aerodactyl, L50, F|100/100\n|-ability|p2b: Aerodactyl|Unnerve\n|-ability|p1a: Incineroar|Intimidate|boost\n|-unboost|p2a: Cecilily|atk|1\n|-unboost|p2b: Aerodactyl|atk|1\n|turn|1\n|inactive|Battle timer is ON: inactive players will automatically lose when time's up. (requested by Better Luck VGC)\n|\n|t:|1776645374\n|detailschange|p2a: Cecilily|Meganium-Mega, L50, F\n|-mega|p2a: Cecilily|Meganium|Meganiumite\n|move|p1a: Incineroar|Fake Out|p2b: Aerodactyl\n|-resisted|p2b: Aerodactyl|1\n|-damage|p2b: Aerodactyl|91/100\n|cant|p2b: Aerodactyl|flinch\n|move|p2a: Cecilily|Weather Ball|p1b: Corviknight\n|-supereffective|p1b: Corviknight|1\n|-damage|p1b: Corviknight|0 fnt\n|faint|p1b: Corviknight\n|\n|upkeep\n|\n|t:|1776645387\n|switch|p1b: Tyranitar|Tyranitar, L50, M|100/100\n|-weather|Sandstorm|[from] ability: Sand Stream|[of] p1b: Tyranitar\n|turn|2\n|\n|t:|1776645398\n|move|p2b: Aerodactyl|Tailwind|p2b: Aerodactyl\n|-sidestart|p2: Better Luck VGC|move: Tailwind\n|move|p2a: Cecilily|Solar Beam||[still]\n|-prepare|p2a: Cecilily|Solar Beam\n|-activate|p2a: Cecilily|ability: Mega Sol\n|-anim|p2a: Cecilily|Solar Beam|p1b: Tyranitar\n|-supereffective|p1b: Tyranitar|1\n|-damage|p1b: Tyranitar|0 fnt\n|faint|p1b: Tyranitar\n|move|p1a: Incineroar|Flare Blitz|p2a: Cecilily\n|-supereffective|p2a: Cecilily|1\n|-damage|p2a: Cecilily|6/100\n|-damage|p1a: Incineroar|71/100|[from] Recoil\n|\n|-weather|Sandstorm|[upkeep]\n|-damage|p2a: Cecilily|0 fnt|[from] Sandstorm\n|-damage|p1a: Incineroar|65/100|[from] Sandstorm\n|faint|p2a: Cecilily\n|upkeep\n|\n|t:|1776645414\n|switch|p2a: Basculegion|Basculegion, L50, M|100/100\n|switch|p1b: Excadrill|Excadrill, L50, M|100/100\n|turn|3\n|\n|t:|1776645433\n|switch|p2b: Sinistcha|Sinistcha, L50|100/100\n|move|p1b: Excadrill|Rock Slide|p2a: Basculegion|[spread] p2a,p2b\n|-damage|p2a: Basculegion|77/100\n|-damage|p2b: Sinistcha|83/100\n|move|p2a: Basculegion|Wave Crash|p1a: Incineroar\n|-supereffective|p1a: Incineroar|1\n|-damage|p1a: Incineroar|0 fnt\n|faint|p1a: Incineroar\n|-damage|p2a: Basculegion|59/100|[from] Recoil\n|\n|-weather|Sandstorm|[upkeep]\n|-damage|p2a: Basculegion|53/100|[from] Sandstorm\n|-damage|p2b: Sinistcha|77/100|[from] Sandstorm\n|upkeep\n|turn|4\n|\n|t:|1776645452\n|move|p1b: Excadrill|Rock Slide|p2a: Basculegion|[spread] p2a,p2b\n|-damage|p2a: Basculegion|29/100\n|-damage|p2b: Sinistcha|59/100\n|move|p2a: Basculegion|Wave Crash|p1b: Excadrill\n|-supereffective|p1b: Excadrill|1\n|-damage|p1b: Excadrill|0 fnt\n|faint|p1b: Excadrill\n|-damage|p2a: Basculegion|0 fnt|[from] Recoil\n|faint|p2a: Basculegion\n|\n|win|Better Luck VGC\n|raw|Pelaga's rating: 1148 &rarr; <strong>1127</strong><br />(-21 for losing)\n|raw|Better Luck VGC's rating: 1207 &rarr; <strong>1228</strong><br />(+21 for winning)\n",
  "uploadtime": 1776645452,
  "views": 11,
  "formatid": "gen9championsvgc2026regma",
  "rating": 1127,
  "private": 0,
  "password": null
}