{
  "id": "gen9championsvgc2026regma-2585148399",
  "format": "[Gen 9 Champions] VGC 2026 Reg M-A",
  "players": [
    "loklastaji",
    "JacintoElGrande"
  ],
  "log": "|j|\u2606loklastaji\n|j|\u2606JacintoElGrande\n|t:|1776317708\n|gametype|doubles\n|player|p1|loklastaji|102|1319\n|player|p2|JacintoElGrande|cheryl|1269\n|gen|9\n|tier|[Gen 9 Champions] VGC 2026 Reg M-A\n|rated|\n|rule|Species Clause: Limit one of each Pok\u00e9mon\n|rule|Item Clause: Limit 1 of each item\n|clearpoke\n|poke|p1|Samurott-Hisui, L50, M|\n|poke|p1|Delphox, L50, M|\n|poke|p1|Tinkaton, L50, F|\n|poke|p1|Decidueye-Hisui, L50, F|\n|poke|p1|Dragonite, L50, M|\n|poke|p1|Maushold-Four, L50|\n|poke|p2|Starmie, L50|\n|poke|p2|Sinistcha, L50|\n|poke|p2|Pelipper, L50, F|\n|poke|p2|Farigiraf, L50, M|\n|poke|p2|Incineroar, L50, M|\n|poke|p2|Sneasler, L50, F|\n|teampreview|4\nJacintoElGrande has agreed to open team sheets.\n|inactive|Battle timer is ON: inactive players will automatically lose when time's up. (requested by JacintoElGrande)\n|inactive|loklastaji has 60 seconds left.\n|\n|t:|1776317787\n|teamsize|p1|4\n|teamsize|p2|4\n|start\n|switch|p1a: Dragonite|Dragonite, L50, M|100/100\n|switch|p1b: Decidueye|Decidueye-Hisui, L50, F|100/100\n|switch|p2a: Pelipper|Pelipper, L50, F|100/100\n|switch|p2b: Starmie|Starmie, L50|100/100\n|-weather|RainDance|[from] ability: Drizzle|[of] p2a: Pelipper\n|turn|1\n|inactive|loklastaji has 30 seconds left.\n|\n|t:|1776317817\n|detailschange|p2b: Starmie|Starmie-Mega, L50\n|-mega|p2b: Starmie|Starmie|Starminite\n|detailschange|p1a: Dragonite|Dragonite-Mega, L50, M\n|-mega|p1a: Dragonite|Dragonite|Dragoninite\n|move|p2b: Starmie|Psycho Cut|p1b: Decidueye\n|-supereffective|p1b: Decidueye|1\n|-crit|p1b: Decidueye\n|-damage|p1b: Decidueye|0 fnt\n|faint|p1b: Decidueye\n|move|p1a: Dragonite|Air Slash|p2a: Pelipper\n|-damage|p2a: Pelipper|33/100\n|cant|p2a: Pelipper|flinch\n|\n|-weather|RainDance|[upkeep]\n|upkeep\n|inactive|loklastaji has 30 seconds left.\n|inactive|loklastaji has 20 seconds left.\n|inactive|loklastaji has 15 seconds left.\n|\n|t:|1776317858\n|switch|p1b: Samurott|Samurott-Hisui, L50, M|100/100\n|turn|2\n|\n|t:|1776317870\n|move|p2b: Starmie|Liquidation|p1b: Samurott\n|-resisted|p1b: Samurott|1\n|-damage|p1b: Samurott|35/100\n|move|p1a: Dragonite|Tailwind|p1a: Dragonite\n|-sidestart|p1: loklastaji|move: Tailwind\n|move|p1b: Samurott|Ceaseless Edge|p2a: Pelipper\n|-damage|p2a: Pelipper|0 fnt\n|-sidestart|p2: JacintoElGrande|Spikes\n|faint|p2a: Pelipper\n|\n|-weather|RainDance|[upkeep]\n|upkeep\n|\n|t:|1776317875\n|switch|p2a: Sinistcha|Sinistcha, L50|100/100\n|-damage|p2a: Sinistcha|88/100|[from] Spikes\n|turn|3\n|\n|t:|1776317891\n|move|p2a: Sinistcha|Rage Powder|p2a: Sinistcha\n|-singleturn|p2a: Sinistcha|move: Rage Powder\n|move|p1a: Dragonite|Air Slash|p2a: Sinistcha\n|-supereffective|p2a: Sinistcha|1\n|-damage|p2a: Sinistcha|0 fnt\n|faint|p2a: Sinistcha\n|move|p1b: Samurott|Ceaseless Edge|p2b: Starmie\n|-supereffective|p2b: Starmie|1\n|-damage|p2b: Starmie|0 fnt\n|-sidestart|p2: JacintoElGrande|Spikes\n|faint|p2b: Starmie\n|\n|-weather|RainDance|[upkeep]\n|upkeep\n|-message|JacintoElGrande forfeited.\n|\n|win|loklastaji\n|raw|loklastaji's rating: 1319 &rarr; <strong>1336</strong><br />(+17 for winning)\n|raw|JacintoElGrande's rating: 1269 &rarr; <strong>1248</strong><br />(-21 for losing)\n|l|\u2606JacintoElGrande\n|player|p2|\n",
  "uploadtime": 1776317904,
  "views": 24,
  "formatid": "gen9championsvgc2026regma",
  "rating": 1248,
  "private": 0,
  "password": null
}