{
  "id": "gen9championsvgc2026regma-2587641186",
  "format": "[Gen 9 Champions] VGC 2026 Reg M-A",
  "players": [
    "leaveamessage",
    "jpw234"
  ],
  "log": "|j|\u2606leaveamessage\n|j|\u2606jpw234\n|t:|1776549566\n|gametype|doubles\n|player|p1|leaveamessage|red-masters|1426\n|player|p2|jpw234|169|1483\n|gen|9\n|tier|[Gen 9 Champions] VGC 2026 Reg M-A\n|rated|\n|rule|Species Clause: Limit one of each Pok\u00e9mon\n|rule|Item Clause: Limit 1 of each item\n|clearpoke\n|poke|p1|Talonflame, L50, F|\n|poke|p1|Floette-Eternal, L50, F|\n|poke|p1|Sneasler, L50, M, shiny|\n|poke|p1|Basculegion, L50, M|\n|poke|p1|Kingambit, L50, F, shiny|\n|poke|p1|Garchomp, L50, M|\n|poke|p2|Bellibolt, L50, M|\n|poke|p2|Abomasnow, L50, M|\n|poke|p2|Mimikyu, L50, F|\n|poke|p2|Garchomp, L50, F|\n|poke|p2|Araquanid, L50, F|\n|poke|p2|Sinistcha, L50|\n|teampreview|4\n|inactive|Battle timer is ON: inactive players will automatically lose when time's up. (requested by jpw234)\n|inactive|leaveamessage also wants the timer to be on.\n|j| B. Farro\n|\n|t:|1776549595\n|teamsize|p1|4\n|teamsize|p2|4\n|start\n|switch|p1a: Talonflame|Talonflame, L50, F|100/100\n|switch|p1b: Basculegion|Basculegion, L50, M|100/100\n|switch|p2a: Abomasnow|Abomasnow, L50, M|100/100\n|switch|p2b: Bellibolt|Bellibolt, L50, M|100/100\n|-weather|Snowscape|[from] ability: Snow Warning|[of] p2a: Abomasnow\n|turn|1\n|\n|t:|1776549611\n|move|p2a: Abomasnow|Protect|p2a: Abomasnow\n|-singleturn|p2a: Abomasnow|Protect\n|move|p1a: Talonflame|Acrobatics|p2a: Abomasnow\n|-activate|p2a: Abomasnow|move: Protect\n|move|p1b: Basculegion|Wave Crash|p2b: Bellibolt\n|-damage|p2b: Bellibolt|38/100\n|-start|p2b: Bellibolt|Charge|Wave Crash|[from] ability: Electromorphosis\n|-damage|p1b: Basculegion|79/100|[from] Recoil\n|move|p2b: Bellibolt|Parabolic Charge|p1a: Talonflame|[spread] p1a,p1b\n|-activate|p2a: Abomasnow|move: Protect\n|-supereffective|p1a: Talonflame|1\n|-supereffective|p1b: Basculegion|1\n|-crit|p1b: Basculegion\n|-damage|p1a: Talonflame|0 fnt\n|-heal|p2b: Bellibolt|75/100|[from] drain|[of] p1a: Talonflame\n|-damage|p1b: Basculegion|0 fnt\n|-heal|p2b: Bellibolt|100/100|[from] drain|[of] p1b: Basculegion\n|faint|p1a: Talonflame\n|faint|p1b: Basculegion\n|-end|p2b: Bellibolt|Charge|[silent]\n|\n|-weather|Snowscape|[upkeep]\n|upkeep\n|\n|t:|1776549624\n|switch|p1a: Kingambit|Kingambit, L50, F, shiny|100/100\n|switch|p1b: Floette|Floette-Eternal, L50, F|100/100\n|turn|2\n|\n|t:|1776549636\n|detailschange|p1b: Floette|Floette-Mega, L50, F\n|-mega|p1b: Floette|Floette|Floettite\n|-ability|p1b: Floette|Fairy Aura\n|detailschange|p2a: Abomasnow|Abomasnow-Mega, L50, M\n|-mega|p2a: Abomasnow|Abomasnow|Abomasite\n|move|p1b: Floette|Calm Mind|p1b: Floette\n|-boost|p1b: Floette|spa|1\n|-boost|p1b: Floette|spd|1\n|move|p1a: Kingambit|Kowtow Cleave|p2a: Abomasnow\n|-damage|p2a: Abomasnow|67/100\n|move|p2b: Bellibolt|Parabolic Charge|p1b: Floette|[spread] p2a,p1a,p1b\n|-resisted|p2a: Abomasnow|1\n|-damage|p2a: Abomasnow|55/100\n|-damage|p1a: Kingambit|72/100\n|-damage|p1b: Floette|85/100\n|move|p2a: Abomasnow|Wood Hammer|p1b: Floette\n|-damage|p1b: Floette|28/100\n|-damage|p2a: Abomasnow|39/100|[from] Recoil\n|\n|-weather|Snowscape|[upkeep]\n|upkeep\n|turn|3\n|inactive|leaveamessage has 30 seconds left.\n|inactive|leaveamessage has 20 seconds left.\n|\n|t:|1776549672\n|move|p2a: Abomasnow|Ice Shard|p1b: Floette\n|-crit|p1b: Floette\n|-damage|p1b: Floette|0 fnt\n|faint|p1b: Floette\n|move|p1a: Kingambit|Kowtow Cleave|p2b: Bellibolt\n|-damage|p2b: Bellibolt|44/100\n|-start|p2b: Bellibolt|Charge|Kowtow Cleave|[from] ability: Electromorphosis\n|move|p2b: Bellibolt|Parabolic Charge|p1a: Kingambit|[spread] p2a,p1a\n|-resisted|p2a: Abomasnow|1\n|-damage|p2a: Abomasnow|14/100\n|-heal|p2b: Bellibolt|56/100|[from] drain|[of] p2a: Abomasnow\n|-damage|p1a: Kingambit|19/100\n|-heal|p2b: Bellibolt|81/100|[from] drain|[of] p1a: Kingambit\n|-end|p2b: Bellibolt|Charge|[silent]\n|\n|-weather|Snowscape|[upkeep]\n|upkeep\n|turn|4\n|-message|leaveamessage forfeited.\n|\n|win|jpw234\n|raw|leaveamessage's rating: 1426 &rarr; <strong>1409</strong><br />(-17 for losing)\n|raw|jpw234's rating: 1483 &rarr; <strong>1500</strong><br />(+17 for winning)\n|l|\u2606leaveamessage\n|player|p1|\n|l|\u2606jpw234\n|player|p2|\n|l| B. Farro\n",
  "uploadtime": 1776549729,
  "views": 17,
  "formatid": "gen9championsvgc2026regma",
  "rating": 1409,
  "private": 0,
  "password": null
}