{
  "id": "gen9championsvgc2026regma-2587821820",
  "format": "[Gen 9 Champions] VGC 2026 Reg M-A",
  "players": [
    "BossgodoraII",
    "karmapolicevgc"
  ],
  "log": "|j|\u2606BossgodoraII\n|j|\u2606karmapolicevgc\n|t:|1776567497\n|gametype|doubles\n|player|p1|BossgodoraII|gentleman-gen4|1523\n|player|p2|karmapolicevgc|li|1510\n|gen|9\n|tier|[Gen 9 Champions] VGC 2026 Reg M-A\n|rated|\n|rule|Species Clause: Limit one of each Pok\u00e9mon\n|rule|Item Clause: Limit 1 of each item\n|clearpoke\n|poke|p1|Delphox, L50, F|\n|poke|p1|Floette-Eternal, L50, F|\n|poke|p1|Sneasler, L50, M|\n|poke|p1|Aerodactyl, L50, F|\n|poke|p1|Garchomp, L50, F|\n|poke|p1|Kingambit, L50, F|\n|poke|p2|Scovillain, L50, M|\n|poke|p2|Araquanid, L50, F|\n|poke|p2|Sylveon, L50, M|\n|poke|p2|Milotic, L50, F|\n|poke|p2|Sneasler, L50, F|\n|poke|p2|Farigiraf, L50, M|\n|teampreview|4\nBossgodoraII rejected open team sheets.\n|inactive|Battle timer is ON: inactive players will automatically lose when time's up. (requested by BossgodoraII)\n|inactive|BossgodoraII has 60 seconds left.\n|\n|t:|1776567553\n|teamsize|p1|4\n|teamsize|p2|4\n|start\n|switch|p1a: Delphox|Delphox, L50, F|100/100\n|switch|p1b: Garchomp|Garchomp, L50, F|100/100\n|switch|p2a: Scovillain|Scovillain, L50, M|100/100\n|switch|p2b: Farigiraf|Farigiraf, L50, M|100/100\n|turn|1\n|\n|t:|1776567575\n|detailschange|p1a: Delphox|Delphox-Mega, L50, F\n|-mega|p1a: Delphox|Delphox|Delphoxite\n|detailschange|p2a: Scovillain|Scovillain-Mega, L50, M\n|-mega|p2a: Scovillain|Scovillain|Scovillainite\n|move|p1a: Delphox|Heat Wave|p2a: Scovillain|[spread] p2a,p2b\n|-damage|p2a: Scovillain|66/100\n|-damage|p2b: Farigiraf|71/100\n|-immune|p1a: Delphox\n|move|p1b: Garchomp|Earthquake|p2b: Farigiraf|[spread] p2a,p2b\n|-immune|p1a: Delphox|[from] ability: Levitate\n|-damage|p2a: Scovillain|13/100\n|-damage|p2b: Farigiraf|32/100\n|-status|p1b: Garchomp|brn|[from] ability: Spicy Spray|[of] p2a: Scovillain\n|-enditem|p2b: Farigiraf|Sitrus Berry|[eat]\n|-heal|p2b: Farigiraf|56/100|[from] item: Sitrus Berry\n|move|p2a: Scovillain|Giga Drain|p1b: Garchomp\n|-damage|p1b: Garchomp|64/100 brn\n|-heal|p2a: Scovillain|34/100|[from] drain|[of] p1b: Garchomp\n|move|p2b: Farigiraf|Trick Room|p2b: Farigiraf\n|-fieldstart|move: Trick Room|[of] p2b: Farigiraf\n|\n|-damage|p1b: Garchomp|58/100 brn|[from] brn\n|upkeep\n|turn|2\n|\n|t:|1776567599\n|move|p2b: Farigiraf|Hyper Voice|p1b: Garchomp|[spread] p1a,p1b\n|-damage|p1a: Delphox|78/100\n|-damage|p1b: Garchomp|29/100 brn\n|move|p2a: Scovillain|Giga Drain|p1b: Garchomp\n|-damage|p1b: Garchomp|0 fnt\n|-heal|p2a: Scovillain|49/100|[from] drain|[of] p1b: Garchomp\n|faint|p1b: Garchomp\n|move|p1a: Delphox|Flamethrower|p2a: Scovillain\n|-damage|p2a: Scovillain|10/100\n|-immune|p1a: Delphox\n|\n|upkeep\n|-message|BossgodoraII forfeited.\n|\n|win|karmapolicevgc\n|raw|BossgodoraII's rating: 1523 &rarr; <strong>1502</strong><br />(-21 for losing)\n|raw|karmapolicevgc's rating: 1510 &rarr; <strong>1531</strong><br />(+21 for winning)\n",
  "uploadtime": 1776567617,
  "views": 65,
  "formatid": "gen9championsvgc2026regma",
  "rating": 1502,
  "private": 0,
  "password": null
}