{
  "id": "gen9championsvgc2026regma-2586631757",
  "format": "[Gen 9 Champions] VGC 2026 Reg M-A",
  "players": [
    "mossytreefrog",
    "FriedByFluoride"
  ],
  "log": "|j|\u2606mossytreefrog\n|j|\u2606FriedByFluoride\n|t:|1776448165\n|gametype|doubles\n|player|p1|mossytreefrog|pokemaniac|1114\n|player|p2|FriedByFluoride|266|1046\n|gen|9\n|tier|[Gen 9 Champions] VGC 2026 Reg M-A\n|rated|\n|rule|Species Clause: Limit one of each Pok\u00e9mon\n|rule|Item Clause: Limit 1 of each item\n|clearpoke\n|poke|p1|Sneasler, L50, M|\n|poke|p1|Decidueye-Hisui, L50, M|\n|poke|p1|Feraligatr, L50, M|\n|poke|p1|Cofagrigus, L50, M|\n|poke|p1|Pelipper, L50, F|\n|poke|p1|Conkeldurr, L50, M|\n|poke|p2|Heracross, L50, M|\n|poke|p2|Alakazam, L50, M|\n|poke|p2|Sinistcha, L50|\n|poke|p2|Incineroar, L50, F|\n|poke|p2|Rotom-Wash, L50|\n|poke|p2|Chandelure, L50, M|\n|teampreview|4\n|inactive|Battle timer is ON: inactive players will automatically lose when time's up. (requested by mossytreefrog)\n|\n|t:|1776448192\n|teamsize|p1|4\n|teamsize|p2|4\n|start\n|switch|p1a: klaw|Sneasler, L50, M, shiny|100/100\n|switch|p1b: coffin|Cofagrigus, L50, M|100/100\n|switch|p2a: Chandelure|Chandelure, L50, M|100/100\n|switch|p2b: Rotom|Rotom-Wash, L50|100/100\n|turn|1\n|\n|t:|1776448216\n|switch|p2b: Incineroar|Incineroar, L50, F|100/100\n|-ability|p2b: Incineroar|Intimidate|boost\n|-unboost|p1a: klaw|atk|1\n|-unboost|p1b: coffin|atk|1\n|-enditem|p1a: klaw|White Herb\n|-clearnegativeboost|p1a: klaw|[silent]\n|detailschange|p2a: Chandelure|Chandelure-Mega, L50, M\n|-mega|p2a: Chandelure|Chandelure|Chandelurite\n|move|p1a: klaw|Rock Slide|p2b: Incineroar|[spread] p2a\n|-miss|p1a: klaw|p2b: Incineroar\n|-supereffective|p2a: Chandelure|1\n|-damage|p2a: Chandelure|52/100\n|move|p2a: Chandelure|Shadow Ball|p1b: coffin\n|-supereffective|p1b: coffin|1\n|-damage|p1b: coffin|0 fnt\n|faint|p1b: coffin\n|\n|upkeep\n|\n|t:|1776448237\n|switch|p1b: gilbert|Feraligatr, L50, M, shiny|100/100\n|turn|2\n|\n|t:|1776448251\n|switch|p2a: Rotom|Rotom-Wash, L50|100/100\n|detailschange|p1b: gilbert|Feraligatr-Mega, L50, M, shiny\n|-mega|p1b: gilbert|Feraligatr|Feraligite\n|move|p1a: klaw|Upper Hand|p2b: Incineroar\n|-supereffective|p2b: Incineroar|1\n|-damage|p2b: Incineroar|40/100\n|-enditem|p2b: Incineroar|Sitrus Berry|[eat]\n|-heal|p2b: Incineroar|65/100|[from] item: Sitrus Berry\n|cant|p2b: Incineroar|flinch\n|move|p1b: gilbert|Liquidation|p2b: Incineroar\n|-supereffective|p2b: Incineroar|1\n|-damage|p2b: Incineroar|0 fnt\n|faint|p2b: Incineroar\n|\n|upkeep\n|-message|FriedByFluoride forfeited.\n|\n|win|mossytreefrog\n|raw|mossytreefrog's rating: 1114 &rarr; <strong>1134</strong><br />(+20 for winning)\n|raw|FriedByFluoride's rating: 1046 &rarr; <strong>1032</strong><br />(-14 for losing)\n|l|\u2606FriedByFluoride\n|player|p2|\n",
  "uploadtime": 1776448264,
  "views": 28,
  "formatid": "gen9championsvgc2026regma",
  "rating": 1032,
  "private": 0,
  "password": null
}