{
  "id": "gen9championsvgc2026regma-2582251539",
  "format": "[Gen 9 Champions] VGC 2026 Reg M-A",
  "players": [
    "MoNo_T0NaL",
    "Shxnpo"
  ],
  "log": "|j|\u2606MoNo_T0NaL\n|j|\u2606Shxnpo\n|t:|1776076271\n|gametype|doubles\n|player|p1|MoNo_T0NaL|n|1086\n|player|p2|Shxnpo|1|1000\n|gen|9\n|tier|[Gen 9 Champions] VGC 2026 Reg M-A\n|rated|\n|rule|Species Clause: Limit one of each Pok\u00e9mon\n|rule|Item Clause: Limit 1 of each item\n|clearpoke\n|poke|p1|Gengar, L50, F|\n|poke|p1|Whimsicott, L50, F|\n|poke|p1|Arcanine-Hisui, L50, M|\n|poke|p1|Sneasler, L50, M|\n|poke|p1|Meowscarada, L50, M|\n|poke|p1|Maushold, L50|\n|poke|p2|Froslass, L50, F|\n|poke|p2|Krookodile, L50, M|\n|poke|p2|Meowscarada, L50, F|\n|poke|p2|Meowstic, L50, M|\n|poke|p2|Delphox, L50, M|\n|poke|p2|Sneasler, L50, F|\n|teampreview|4\n|\n|t:|1776076303\n|teamsize|p1|4\n|teamsize|p2|4\n|start\n|switch|p1a: Whimsicott|Whimsicott, L50, F|100/100\n|switch|p1b: Violet|Gengar, L50, F, shiny|100/100\n|switch|p2a: Krookodile|Krookodile, L50, M|100/100\n|switch|p2b: Meowscarada|Meowscarada, L50, F|100/100\n|turn|1\n|\n|t:|1776076320\n|detailschange|p1b: Violet|Gengar-Mega, L50, F, shiny\n|-mega|p1b: Violet|Gengar|Gengarite\n|move|p1b: Violet|Protect|p1b: Violet\n|-singleturn|p1b: Violet|Protect\n|move|p1a: Whimsicott|Tailwind|p1a: Whimsicott\n|-sidestart|p1: MoNo_T0NaL|move: Tailwind\n|move|p2b: Meowscarada|Flower Trick|p2a: Krookodile\n|-supereffective|p2a: Krookodile|1\n|-crit|p2a: Krookodile\n|-damage|p2a: Krookodile|16/100\n|-setboost|p2a: Krookodile|atk|6|[from] ability: Anger Point\n|move|p2a: Krookodile|Earthquake|p1b: Violet|[spread] p2b,p1a\n|-activate|p1b: Violet|move: Protect\n|-resisted|p2b: Meowscarada|1\n|-resisted|p1a: Whimsicott|1\n|-damage|p2b: Meowscarada|0 fnt\n|-damage|p1a: Whimsicott|38/100\n|faint|p2b: Meowscarada\n|\n|upkeep\n|\n|t:|1776076348\n|switch|p2b: Meowstic|Meowstic, L50, M|100/100\n|turn|2\n|\n|t:|1776076363\n|move|p2b: Meowstic|Gravity|p2b: Meowstic\n|-fieldstart|move: Gravity\n|move|p1b: Violet|Shadow Ball|p2b: Meowstic\n|-supereffective|p2b: Meowstic|1\n|-enditem|p2b: Meowstic|Focus Sash\n|-damage|p2b: Meowstic|1/100\n|-unboost|p2b: Meowstic|spd|1\n|move|p1a: Whimsicott|Moonblast|p2a: Krookodile\n|-supereffective|p2a: Krookodile|1\n|-damage|p2a: Krookodile|0 fnt\n|faint|p2a: Krookodile\n|\n|upkeep\n|\n|t:|1776076373\n|switch|p2a: Delphox|Delphox, L50, M|100/100\n|turn|3\n|\n|t:|1776076382\n|move|p2b: Meowstic|Protect|p2b: Meowstic\n|-singleturn|p2b: Meowstic|Protect\n|move|p1a: Whimsicott|Encore|p2b: Meowstic\n|-activate|p2b: Meowstic|move: Protect\n|move|p1b: Violet|Shadow Ball|p2a: Delphox\n|-supereffective|p2a: Delphox|1\n|-damage|p2a: Delphox|0 fnt\n|faint|p2a: Delphox\n|\n|upkeep\n|turn|4\n|\n|t:|1776076396\n|move|p2b: Meowstic|Protect||[still]\n|-fail|p2b: Meowstic\n|move|p1b: Violet|Sludge Bomb|p2b: Meowstic\n|-damage|p2b: Meowstic|0 fnt\n|faint|p2b: Meowstic\n|\n|win|MoNo_T0NaL\n|raw|MoNo_T0NaL's rating: 1086 &rarr; <strong>1107</strong><br />(+21 for winning)\n|raw|Shxnpo's rating: 1000 &rarr; <strong>1000</strong><br />(+0 for losing)\n|l|\u2606Shxnpo\n|player|p2|\n",
  "uploadtime": 1776076409,
  "views": 22,
  "formatid": "gen9championsvgc2026regma",
  "rating": 1000,
  "private": 0,
  "password": null
}