{
  "id": "gen9championsvgc2026regma-2583528082",
  "format": "[Gen 9 Champions] VGC 2026 Reg M-A",
  "players": [
    "1Neku",
    "cunnybapist"
  ],
  "log": "|j|\u26061Neku\n|j|\u2606cunnybapist\n|t:|1776181327\n|gametype|doubles\n|player|p1|1Neku|170|1068\n|player|p2|cunnybapist|caitlin|1094\n|gen|9\n|tier|[Gen 9 Champions] VGC 2026 Reg M-A\n|rated|\n|rule|Species Clause: Limit one of each Pok\u00e9mon\n|rule|Item Clause: Limit 1 of each item\n|clearpoke\n|poke|p1|Pelipper, L50, F|\n|poke|p1|Basculegion, L50, M|\n|poke|p1|Sinistcha, L50|\n|poke|p1|Archaludon, L50, F|\n|poke|p1|Sneasler, L50, F|\n|poke|p1|Dragonite, L50, M|\n|poke|p2|Golurk, L50|\n|poke|p2|Pelipper, L50, M|\n|poke|p2|Basculegion, L50, M|\n|poke|p2|Farigiraf, L50, F|\n|poke|p2|Floette-Eternal, L50, F|\n|poke|p2|Archaludon, L50, F|\n|teampreview|4\n|\n|t:|1776181354\n|teamsize|p1|4\n|teamsize|p2|4\n|start\n|switch|p1a: Sinistcha|Sinistcha, L50|100/100\n|switch|p1b: Sneasler|Sneasler, L50, F|100/100\n|switch|p2a: Basculegion|Basculegion, L50, M|100/100\n|switch|p2b: Farigiraf|Farigiraf, L50, F|100/100\n|turn|1\n|\n|t:|1776181370\n|move|p1b: Sneasler|Protect|p1b: Sneasler\n|-singleturn|p1b: Sneasler|Protect\n|move|p2a: Basculegion|Flip Turn|p1b: Sneasler\n|-activate|p1b: Sneasler|move: Protect\n|move|p1a: Sinistcha|Trick Room|p1a: Sinistcha\n|-fieldstart|move: Trick Room|[of] p1a: Sinistcha\n|move|p2b: Farigiraf|Trick Room|p2b: Farigiraf\n|-fieldend|move: Trick Room\n|\n|upkeep\n|turn|2\n|\n|t:|1776181388\n|switch|p1b: Archaludon|Archaludon, L50, F|100/100\n|move|p2a: Basculegion|Flip Turn|p1b: Archaludon\n|-resisted|p1b: Archaludon|1\n|-damage|p1b: Archaludon|86/100\n|-ability|p1b: Archaludon|Stamina|boost\n|-boost|p1b: Archaludon|def|1\n|\n|t:|1776181394\n|switch|p2a: Golurk|Golurk, L50|100/100|[from] Flip Turn\n|move|p1a: Sinistcha|Matcha Gotcha|p2b: Farigiraf|[spread] p2a,p2b\n|-supereffective|p2a: Golurk|1\n|-damage|p2a: Golurk|52/100\n|-damage|p2b: Farigiraf|82/100\n|move|p2b: Farigiraf|Trick Room|p2b: Farigiraf\n|-fieldstart|move: Trick Room|[of] p2b: Farigiraf\n|\n|-heal|p1b: Archaludon|92/100|[from] item: Leftovers\n|upkeep\n|turn|3\n|\n|t:|1776181413\n|switch|p1b: Pelipper|Pelipper, L50, F, shiny|100/100\n|-weather|RainDance|[from] ability: Drizzle|[of] p1b: Pelipper\n|detailschange|p2a: Golurk|Golurk-Mega, L50\n|-mega|p2a: Golurk|Golurk|Golurkite\n|move|p2a: Golurk|Poltergeist|p1a: Sinistcha\n|-activate|p1a: Sinistcha|move: Poltergeist|Sitrus Berry\n|-supereffective|p1a: Sinistcha|1\n|-crit|p1a: Sinistcha\n|-damage|p1a: Sinistcha|0 fnt\n|faint|p1a: Sinistcha\n|move|p2b: Farigiraf|Psychic|p1b: Pelipper\n|-damage|p1b: Pelipper|40/100\n|\n|-weather|RainDance|[upkeep]\n|upkeep\n|\n|t:|1776181429\n|switch|p1a: Sneasler|Sneasler, L50, F|100/100\n|turn|4\n|\n|t:|1776181439\n|move|p1a: Sneasler|Fake Out||[still]\n|cant|p2b: Farigiraf|ability: Armor Tail|Fake Out|[of] p1a: Sneasler\n|move|p2a: Golurk|Headlong Rush|p1a: Sneasler\n|-supereffective|p1a: Sneasler|1\n|-damage|p1a: Sneasler|0 fnt\n|-unboost|p2a: Golurk|def|1\n|-unboost|p2a: Golurk|spd|1\n|faint|p1a: Sneasler\n|move|p2b: Farigiraf|Psychic|p1b: Pelipper\n|-damage|p1b: Pelipper|0 fnt\n|faint|p1b: Pelipper\n|\n|-weather|RainDance|[upkeep]\n|upkeep\n|-message|1Neku forfeited.\n|\n|win|cunnybapist\n|raw|1Neku's rating: 1068 &rarr; <strong>1049</strong><br />(-19 for losing)\n|raw|cunnybapist's rating: 1094 &rarr; <strong>1118</strong><br />(+24 for winning)\n|l|\u2606cunnybapist\n|player|p2|\n",
  "uploadtime": 1776181468,
  "views": 14,
  "formatid": "gen9championsvgc2026regma",
  "rating": 1049,
  "private": 0,
  "password": null
}