{
  "id": "gen9championsvgc2026regma-2586602799",
  "format": "[Gen 9 Champions] VGC 2026 Reg M-A",
  "players": [
    "simo02",
    "naxnaxnax"
  ],
  "log": "|j|\u2606simo02\n|j|\u2606naxnaxnax\n|t:|1776446104\n|gametype|doubles\n|player|p1|simo02|265|1168\n|player|p2|naxnaxnax|wattson|1255\n|gen|9\n|tier|[Gen 9 Champions] VGC 2026 Reg M-A\n|rated|\n|rule|Species Clause: Limit one of each Pok\u00e9mon\n|rule|Item Clause: Limit 1 of each item\n|clearpoke\n|poke|p1|Starmie, L50|\n|poke|p1|Oranguru, L50, M|\n|poke|p1|Sableye, L50, M|\n|poke|p1|Sinistcha-Masterpiece, L50|\n|poke|p1|Rhyperior, L50, M|\n|poke|p1|Torkoal, L50, F|\n|poke|p2|Charizard, L50, F|\n|poke|p2|Venusaur, L50, M|\n|poke|p2|Arcanine-Hisui, L50, F|\n|poke|p2|Whimsicott, L50, M|\n|poke|p2|Garchomp, L50, M|\n|poke|p2|Sylveon, L50, F|\n|teampreview|4\n|\n|t:|1776446156\n|teamsize|p1|4\n|teamsize|p2|4\n|start\n|switch|p1a: Sinistcha|Sinistcha-Masterpiece, L50|100/100\n|switch|p1b: Starmie|Starmie, L50|100/100\n|switch|p2a: Charizard|Charizard, L50, F|100/100\n|switch|p2b: Venusaur|Venusaur, L50, M|100/100\n|turn|1\n|\n|t:|1776446171\n|detailschange|p1b: Starmie|Starmie-Mega, L50\n|-mega|p1b: Starmie|Starmie|Starminite\n|detailschange|p2a: Charizard|Charizard-Mega-Y, L50, F\n|-mega|p2a: Charizard|Charizard|Charizardite Y\n|-weather|SunnyDay|[from] ability: Drought|[of] p2a: Charizard\n|move|p1a: Sinistcha|Rage Powder|p1a: Sinistcha\n|-singleturn|p1a: Sinistcha|move: Rage Powder\n|move|p2b: Venusaur|Sleep Powder|p1b: Starmie\n|-status|p1b: Starmie|slp|[from] move: Sleep Powder\n|cant|p1b: Starmie|slp\n|move|p2a: Charizard|Heat Wave|p1a: Sinistcha|[spread] p1a,p1b\n|-supereffective|p1a: Sinistcha|1\n|-enditem|p1a: Sinistcha|Occa Berry|[eat]\n|-enditem|p1a: Sinistcha|Occa Berry|[weaken]\n|-resisted|p1b: Starmie|1\n|-damage|p1a: Sinistcha|61/100\n|-damage|p1b: Starmie|54/100 slp\n|\n|-weather|SunnyDay|[upkeep]\n|upkeep\n|turn|2\n|\n|t:|1776446204\n|switch|p1b: Torkoal|Torkoal, L50, F|100/100\n|move|p2b: Venusaur|Leaf Storm|p1b: Torkoal\n|-resisted|p1b: Torkoal|1\n|-damage|p1b: Torkoal|58/100\n|-unboost|p2b: Venusaur|spa|2\n|move|p2a: Charizard|Heat Wave|p1b: Torkoal|[spread] p1a,p1b\n|-supereffective|p1a: Sinistcha|1\n|-resisted|p1b: Torkoal|1\n|-damage|p1a: Sinistcha|0 fnt\n|-damage|p1b: Torkoal|8/100\n|faint|p1a: Sinistcha\n|\n|-weather|SunnyDay|[upkeep]\n|upkeep\n|\n|t:|1776446216\n|switch|p1a: Rhyperior|Rhyperior, L50, M|100/100\n|turn|3\n|\n|t:|1776446227\n|move|p2b: Venusaur|Sludge Bomb|p1b: Torkoal\n|-damage|p1b: Torkoal|0 fnt\n|faint|p1b: Torkoal\n|move|p2a: Charizard|Solar Beam||[still]\n|-prepare|p2a: Charizard|Solar Beam\n|-anim|p2a: Charizard|Solar Beam|p1a: Rhyperior\n|-supereffective|p1a: Rhyperior|2\n|-damage|p1a: Rhyperior|0 fnt\n|faint|p1a: Rhyperior\n|\n|-weather|SunnyDay|[upkeep]\n|upkeep\n|\n|t:|1776446234\n|switch|p1a: Starmie|Starmie-Mega, L50|54/100 slp\n|turn|4\n|-message|simo02 forfeited.\n|\n|win|naxnaxnax\n|raw|simo02's rating: 1168 &rarr; <strong>1149</strong><br />(-19 for losing)\n|raw|naxnaxnax's rating: 1255 &rarr; <strong>1274</strong><br />(+19 for winning)\n|l|\u2606simo02\n|player|p1|\n",
  "uploadtime": 1776446247,
  "views": 24,
  "formatid": "gen9championsvgc2026regma",
  "rating": 1149,
  "private": 0,
  "password": null
}