{
  "id": "gen9championsvgc2026regma-2589574433",
  "format": "[Gen 9 Champions] VGC 2026 Reg M-A",
  "players": [
    "Enekos",
    "iy7tud6fiy7kugikh"
  ],
  "log": "|j|\u2606Enekos\n|j|\u2606iy7tud6fiy7kugikh\n|t:|1776735494\n|gametype|doubles\n|player|p1|Enekos|steven|1088\n|player|p2|iy7tud6fiy7kugikh|266|1000\n|gen|9\n|tier|[Gen 9 Champions] VGC 2026 Reg M-A\n|rated|\n|rule|Species Clause: Limit one of each Pok\u00e9mon\n|rule|Item Clause: Limit 1 of each item\n|clearpoke\n|poke|p1|Talonflame, L50, F|\n|poke|p1|Meowscarada, L50, F, shiny|\n|poke|p1|Milotic, L50, F|\n|poke|p1|Lucario, L50, F|\n|poke|p1|Garchomp, L50, F|\n|poke|p1|Gardevoir, L50, F, shiny|\n|poke|p2|Froslass, L50, F|\n|poke|p2|Aerodactyl, L50, F|\n|poke|p2|Garchomp, L50, M|\n|poke|p2|Sneasler, L50, M|\n|poke|p2|Kingambit, L50, F|\n|poke|p2|Ninetales-Alola, L50, F|\n|teampreview|4\nEnekos rejected open team sheets.\n|\n|t:|1776735530\n|teamsize|p1|4\n|teamsize|p2|4\n|start\n|switch|p1a: Lucario|Lucario, L50, F|100/100\n|switch|p1b: Talonflame|Talonflame, L50, F|100/100\n|switch|p2a: Froslass|Froslass, L50, F|100/100\n|switch|p2b: Aerodactyl|Aerodactyl, L50, F|100/100\n|turn|1\n|\n|t:|1776735548\n|switch|p2a: Garchomp|Garchomp, L50, M|100/100\n|move|p2b: Aerodactyl|Tailwind|p2b: Aerodactyl\n|-sidestart|p2: iy7tud6fiy7kugikh|move: Tailwind\n|move|p1b: Talonflame|Flare Blitz|p2a: Garchomp\n|-resisted|p2a: Garchomp|1\n|-damage|p2a: Garchomp|75/100\n|-damage|p1b: Talonflame|90/100|[from] Recoil\n|move|p1a: Lucario|Close Combat|p2b: Aerodactyl\n|-damage|p2b: Aerodactyl|13/100\n|-unboost|p1a: Lucario|def|1\n|-unboost|p1a: Lucario|spd|1\n|\n|upkeep\n|turn|2\n|\n|t:|1776735577\n|move|p1a: Lucario|Extreme Speed|p2b: Aerodactyl\n|-resisted|p2b: Aerodactyl|1\n|-damage|p2b: Aerodactyl|0 fnt\n|faint|p2b: Aerodactyl\n|move|p2a: Garchomp|Swords Dance|p2a: Garchomp\n|-boost|p2a: Garchomp|atk|2\n|move|p1b: Talonflame|Tailwind|p1b: Talonflame\n|-sidestart|p1: Enekos|move: Tailwind\n|\n|upkeep\n|\n|t:|1776735592\n|switch|p2b: Sneasler|Sneasler, L50, M|100/100\n|-ability|p2b: Sneasler|Pressure\n|turn|3\n|\n|t:|1776735646\n|switch|p1a: Milotic|Milotic, L50, F|100/100\n|detailschange|p2a: Garchomp|Garchomp-Mega, L50, M\n|-mega|p2a: Garchomp|Garchomp|Garchompite\n|move|p2b: Sneasler|Fake Out|p1b: Talonflame\n|-crit|p1b: Talonflame\n|-damage|p1b: Talonflame|57/100\n|cant|p1b: Talonflame|flinch\n|move|p2a: Garchomp|Earthquake|p1a: Milotic|[spread] p2b,p1a\n|-immune|p1b: Talonflame\n|-supereffective|p2b: Sneasler|1\n|-damage|p2b: Sneasler|0 fnt\n|-damage|p1a: Milotic|14/100\n|faint|p2b: Sneasler\n|\n|-heal|p1a: Milotic|20/100|[from] item: Leftovers\n|upkeep\n|\n|t:|1776735665\n|switch|p2b: Froslass|Froslass, L50, F|100/100\n|turn|4\n|\n|t:|1776735687\n|move|p1b: Talonflame|Flare Blitz|p2b: Froslass\n|-supereffective|p2b: Froslass|1\n|-damage|p2b: Froslass|0 fnt\n|faint|p2b: Froslass\n|-damage|p1b: Talonflame|26/100|[from] Recoil\n|move|p2a: Garchomp|Dragon Claw|p1b: Talonflame\n|-damage|p1b: Talonflame|0 fnt\n|faint|p1b: Talonflame\n|move|p1a: Milotic|Ice Beam|p2a: Garchomp\n|-supereffective|p2a: Garchomp|2\n|-damage|p2a: Garchomp|0 fnt\n|faint|p2a: Garchomp\n|\n|win|Enekos\n|raw|Enekos's rating: 1088 &rarr; <strong>1108</strong><br />(+20 for winning)\n|raw|iy7tud6fiy7kugikh's rating: 1000 &rarr; <strong>1000</strong><br />(+0 for losing)\n",
  "uploadtime": 1776735700,
  "views": 3,
  "formatid": "gen9championsvgc2026regma",
  "rating": 1000,
  "private": 0,
  "password": null
}