{
  "id": "gen9championsvgc2026regma-2582493349",
  "format": "[Gen 9 Champions] VGC 2026 Reg M-A",
  "players": [
    "shin-tv07",
    "909PandaGod"
  ],
  "log": "|j|\u2606shin-tv07\n|j|\u2606909PandaGod\n|t:|1776095216\n|gametype|doubles\n|player|p1|shin-tv07|twins-gen4dp|1107\n|player|p2|909PandaGod|265|1147\n|gen|9\n|tier|[Gen 9 Champions] VGC 2026 Reg M-A\n|rated|\n|rule|Species Clause: Limit one of each Pok\u00e9mon\n|rule|Item Clause: Limit 1 of each item\n|clearpoke\n|poke|p1|Sneasler, L50, F|\n|poke|p1|Kingambit, L50, M|\n|poke|p1|Clefable, L50, M|\n|poke|p1|Delphox, L50, F|\n|poke|p1|Dragonite, L50, F|\n|poke|p1|Basculegion, L50, M|\n|poke|p2|Weavile, L50, F|\n|poke|p2|Froslass, L50, F|\n|poke|p2|Aegislash, L50, M|\n|poke|p2|Tauros-Paldea-Aqua, L50, M|\n|poke|p2|Whimsicott, L50, M|\n|poke|p2|Arcanine-Hisui, L50, M|\n|teampreview|4\n|inactive|Battle timer is ON: inactive players will automatically lose when time's up. (requested by 909PandaGod)\n|inactive|shin-tv07 has 60 seconds left.\n|\n|t:|1776095257\n|teamsize|p1|4\n|teamsize|p2|4\n|start\n|switch|p1a: Delphox|Delphox, L50, F|100/100\n|switch|p1b: Kingambit|Kingambit, L50, M|100/100\n|switch|p2a: Weavile|Weavile, L50, F|100/100\n|switch|p2b: Tauros|Tauros-Paldea-Aqua, L50, M|100/100\n|-ability|p2b: Tauros|Intimidate|boost\n|-unboost|p1a: Delphox|atk|1\n|-unboost|p1b: Kingambit|atk|1\n|-ability|p1b: Kingambit|Defiant|boost\n|-boost|p1b: Kingambit|atk|2\n|-ability|p2a: Weavile|Pressure\n|turn|1\n|inactive|shin-tv07 has 30 seconds left.\n|\n|t:|1776095286\n|detailschange|p1a: Delphox|Delphox-Mega, L50, F\n|-mega|p1a: Delphox|Delphox|Delphoxite\n|move|p1b: Kingambit|Protect|p1b: Kingambit\n|-singleturn|p1b: Kingambit|Protect\n|move|p2b: Tauros|Close Combat|p1b: Kingambit\n|-activate|p1b: Kingambit|move: Protect\n|move|p1a: Delphox|Psychic|p2b: Tauros\n|-supereffective|p2b: Tauros|1\n|-damage|p2b: Tauros|0 fnt\n|faint|p2b: Tauros\n|move|p2a: Weavile|Knock Off|p1a: Delphox\n|-supereffective|p1a: Delphox|1\n|-damage|p1a: Delphox|0 fnt\n|faint|p1a: Delphox\n|\n|upkeep\n|\n|t:|1776095305\n|switch|p1a: Sneasler|Sneasler, L50, F|100/100\n|switch|p2b: Aegislash|Aegislash, L50, M|100/100\n|turn|2\n|-message|909PandaGod forfeited.\n|\n|win|shin-tv07\n|raw|shin-tv07's rating: 1107 &rarr; <strong>1135</strong><br />(+28 for winning)\n|raw|909PandaGod's rating: 1147 &rarr; <strong>1119</strong><br />(-28 for losing)\n|l|\u2606909PandaGod\n|player|p2|\n|c|\u2606shin-tv07|good call\n",
  "uploadtime": 1776095331,
  "views": 13,
  "formatid": "gen9championsvgc2026regma",
  "rating": 1119,
  "private": 0,
  "password": null
}