{
  "id": "gen9championsvgc2026regma-2586315645",
  "format": "[Gen 9 Champions] VGC 2026 Reg M-A",
  "players": [
    "MapsWithoutNZ",
    "KaFe-03"
  ],
  "log": "|j|\u2606MapsWithoutNZ\n|j|\u2606KaFe-03\n|t:|1776424492\n|gametype|doubles\n|player|p1|MapsWithoutNZ|169|1094\n|player|p2|KaFe-03|crispin|1051\n|gen|9\n|tier|[Gen 9 Champions] VGC 2026 Reg M-A\n|rated|\n|rule|Species Clause: Limit one of each Pok\u00e9mon\n|rule|Item Clause: Limit 1 of each item\n|clearpoke\n|poke|p1|Floette-Eternal, L50, F|\n|poke|p1|Ariados, L50, F|\n|poke|p1|Snorlax, L50, F|\n|poke|p1|Basculegion, L50, M|\n|poke|p1|Incineroar, L50, F|\n|poke|p1|Kommo-o, L50, M|\n|poke|p2|Archaludon, L50, M|\n|poke|p2|Pelipper, L50, M|\n|poke|p2|Sinistcha-Masterpiece, L50|\n|poke|p2|Sneasler, L50, M|\n|poke|p2|Dragonite, L50, M|\n|poke|p2|Basculegion, L50, M|\n|teampreview|4\n|inactive|Battle timer is ON: inactive players will automatically lose when time's up. (requested by KaFe-03)\n|j| Miuzure\n|l| Miuzure\n|\n|t:|1776424519\n|teamsize|p1|4\n|teamsize|p2|4\n|start\n|switch|p1a: Kommo-o|Kommo-o, L50, M|100/100\n|switch|p1b: Ariados|Ariados, L50, F|100/100\n|switch|p2a: Pelipper|Pelipper, L50, M|100/100\n|switch|p2b: Sneasler|Sneasler, L50, M|100/100\n|-weather|RainDance|[from] ability: Drizzle|[of] p2a: Pelipper\n|turn|1\n|inactive|MapsWithoutNZ has 30 seconds left.\n|inactive|KaFe-03 has 30 seconds left.\n|\n|t:|1776424545\n|move|p2b: Sneasler|Fake Out|p1a: Kommo-o\n|-crit|p1a: Kommo-o\n|-damage|p1a: Kommo-o|80/100\n|move|p2a: Pelipper|Tailwind|p2a: Pelipper\n|-sidestart|p2: KaFe-03|move: Tailwind\n|cant|p1a: Kommo-o|flinch\n|move|p1b: Ariados|String Shot|p2a: Pelipper|[spread] p2a,p2b\n|-unboost|p2a: Pelipper|spe|2\n|-unboost|p2b: Sneasler|spe|2\n|-enditem|p2b: Sneasler|White Herb\n|-clearnegativeboost|p2b: Sneasler|[silent]\n|\n|-weather|RainDance|[upkeep]\n|-heal|p1a: Kommo-o|86/100|[from] item: Leftovers\n|upkeep\n|turn|2\n|inactive|KaFe-03 has 30 seconds left.\n|inactive|MapsWithoutNZ has 30 seconds left.\n|\n|t:|1776424576\n|move|p1a: Kommo-o|Protect|p1a: Kommo-o\n|-singleturn|p1a: Kommo-o|Protect\n|move|p2b: Sneasler|Close Combat|p1a: Kommo-o\n|-activate|p1a: Kommo-o|move: Protect\n|move|p2a: Pelipper|Hurricane|p1b: Ariados\n|-supereffective|p1b: Ariados|1\n|-damage|p1b: Ariados|0 fnt\n|faint|p1b: Ariados\n|\n|-weather|RainDance|[upkeep]\n|-heal|p1a: Kommo-o|92/100|[from] item: Leftovers\n|upkeep\n|\n|t:|1776424587\n|switch|p1b: Snorlax|Snorlax, L50, F|100/100\n|turn|3\n|\n|t:|1776424607\n|move|p1b: Snorlax|Helping Hand|p1a: Kommo-o\n|-singleturn|p1a: Kommo-o|Helping Hand|[of] p1b: Snorlax\n|move|p2b: Sneasler|Close Combat|p1b: Snorlax\n|-supereffective|p1b: Snorlax|1\n|-enditem|p1b: Snorlax|Chople Berry|[eat]\n|-enditem|p1b: Snorlax|Chople Berry|[weaken]\n|-damage|p1b: Snorlax|50/100\n|-unboost|p2b: Sneasler|def|1\n|-unboost|p2b: Sneasler|spd|1\n|move|p2a: Pelipper|Hurricane|p1a: Kommo-o\n|-supereffective|p1a: Kommo-o|1\n|-damage|p1a: Kommo-o|0 fnt\n|faint|p1a: Kommo-o\n|\n|-weather|RainDance|[upkeep]\n|upkeep\n|\n|t:|1776424619\n|switch|p1a: Floette|Floette-Eternal, L50, F|100/100\n|turn|4\n|inactive|MapsWithoutNZ has 30 seconds left.\n|inactive|MapsWithoutNZ has 20 seconds left.\n|inactive|MapsWithoutNZ has 15 seconds left.\n|inactive|MapsWithoutNZ has 10 seconds left.\n|inactive|MapsWithoutNZ has 5 seconds left.\n|\n|t:|1776424674\n|move|p2b: Sneasler|Dire Claw|p1a: Floette\n|-supereffective|p1a: Floette|1\n|-damage|p1a: Floette|0 fnt\n|faint|p1a: Floette\n|move|p2a: Pelipper|Weather Ball|p1b: Snorlax\n|-damage|p1b: Snorlax|1/100\n|move|p1b: Snorlax|Self-Destruct|p2a: Pelipper|[spread] p2a,p2b\n|-damage|p2a: Pelipper|2/100\n|-damage|p2b: Sneasler|0 fnt\n|faint|p1b: Snorlax\n|faint|p2b: Sneasler\n|\n|win|KaFe-03\n|raw|MapsWithoutNZ's rating: 1094 &rarr; <strong>1067</strong><br />(-27 for losing)\n|raw|KaFe-03's rating: 1051 &rarr; <strong>1087</strong><br />(+36 for winning)\n|l|\u2606MapsWithoutNZ\n|player|p1|\n",
  "uploadtime": 1776424689,
  "views": 24,
  "formatid": "gen9championsvgc2026regma",
  "rating": 1067,
  "private": 0,
  "password": null
}