{
  "id": "gen9championsvgc2026regma-2587512612",
  "format": "[Gen 9 Champions] VGC 2026 Reg M-A",
  "players": [
    "varantis",
    "Da1mon!"
  ],
  "log": "|j|\u2606varantis\n|j|\u2606Da1mon!\n|t:|1776538169\n|gametype|doubles\n|player|p1|varantis|266|1179\n|player|p2|Da1mon!|ghetsis|1108\n|gen|9\n|tier|[Gen 9 Champions] VGC 2026 Reg M-A\n|rated|\n|rule|Species Clause: Limit one of each Pok\u00e9mon\n|rule|Item Clause: Limit 1 of each item\n|clearpoke\n|poke|p1|Meganium, L50, M|\n|poke|p1|Aerodactyl, L50, F|\n|poke|p1|Archaludon, L50, F|\n|poke|p1|Pelipper, L50, M|\n|poke|p1|Kangaskhan, L50, F|\n|poke|p1|Sneasler, L50, M|\n|poke|p2|Chesnaught, L50, M, shiny|\n|poke|p2|Slowking-Galar, L50, F|\n|poke|p2|Kingambit, L50, M|\n|poke|p2|Armarouge, L50, M|\n|poke|p2|Oranguru, L50, F|\n|poke|p2|Primarina, L50, F|\n|teampreview|4\n|inactive|Battle timer is ON: inactive players will automatically lose when time's up. (requested by varantis)\n|inactive|varantis has 60 seconds left.\n|inactive|Da1mon! has 60 seconds left.\n|\n|t:|1776538219\n|teamsize|p1|4\n|teamsize|p2|4\n|start\n|switch|p1a: Kangaskhan|Kangaskhan, L50, F|100/100\n|switch|p1b: Sneasler|Sneasler, L50, M|100/100\n|switch|p2a: Chesnaught|Chesnaught, L50, M, shiny|100/100\n|switch|p2b: Oranguru|Oranguru, L50, F|100/100\n|turn|1\n|inactive|varantis has 30 seconds left.\n|\n|t:|1776538244\n|detailschange|p1a: Kangaskhan|Kangaskhan-Mega, L50, F\n|-mega|p1a: Kangaskhan|Kangaskhan|Kangaskhanite\n|detailschange|p2a: Chesnaught|Chesnaught-Mega, L50, M, shiny\n|-mega|p2a: Chesnaught|Chesnaught|Chesnaughtite\n|move|p2a: Chesnaught|Spiky Shield|p2a: Chesnaught\n|-singleturn|p2a: Chesnaught|move: Protect\n|move|p1b: Sneasler|Fake Out|p2a: Chesnaught\n|-activate|p2a: Chesnaught|move: Protect\n|-damage|p1b: Sneasler|88/100|[from] Spiky Shield|[of] p2a: Chesnaught\n|move|p1a: Kangaskhan|Double-Edge|p2b: Oranguru\n|-damage|p2b: Oranguru|49/100\n|-damage|p2b: Oranguru|35/100\n|-hitcount|p2b: Oranguru|2\n|-damage|p1a: Kangaskhan|79/100|[from] Recoil\n|move|p2b: Oranguru|Trick Room|p2b: Oranguru\n|-fieldstart|move: Trick Room|[of] p2b: Oranguru\n|\n|upkeep\n|turn|2\n|inactive|varantis has 30 seconds left.\n|\n|t:|1776538274\n|move|p2a: Chesnaught|Body Press|p1a: Kangaskhan\n|-supereffective|p1a: Kangaskhan|1\n|-damage|p1a: Kangaskhan|0 fnt\n|faint|p1a: Kangaskhan\n|move|p2b: Oranguru|Psychic Noise|p1b: Sneasler\n|-supereffective|p1b: Sneasler|2\n|-damage|p1b: Sneasler|0 fnt\n|faint|p1b: Sneasler\n|\n|upkeep\n|\n|t:|1776538280\n|switch|p1a: Pelipper|Pelipper, L50, M|100/100\n|switch|p1b: Archaludon|Archaludon, L50, F|100/100\n|-weather|RainDance|[from] ability: Drizzle|[of] p1a: Pelipper\n|turn|3\n|\n|t:|1776538292\n|move|p1b: Archaludon|Protect|p1b: Archaludon\n|-singleturn|p1b: Archaludon|Protect\n|move|p2a: Chesnaught|Thunder Punch|p1a: Pelipper\n|-supereffective|p1a: Pelipper|2\n|-damage|p1a: Pelipper|1/100\n|-enditem|p1a: Pelipper|Sitrus Berry|[eat]\n|-heal|p1a: Pelipper|26/100|[from] item: Sitrus Berry\n|move|p2b: Oranguru|Psychic Noise|p1a: Pelipper\n|-damage|p1a: Pelipper|0 fnt\n|faint|p1a: Pelipper\n|\n|-weather|RainDance|[upkeep]\n|upkeep\n|turn|4\n|-message|varantis forfeited.\n|\n|win|Da1mon!\n|raw|varantis's rating: 1179 &rarr; <strong>1149</strong><br />(-30 for losing)\n|raw|Da1mon!'s rating: 1108 &rarr; <strong>1138</strong><br />(+30 for winning)\n|l|\u2606varantis\n|player|p1|\n",
  "uploadtime": 1776538554,
  "views": 13,
  "formatid": "gen9championsvgc2026regma",
  "rating": 1138,
  "private": 0,
  "password": null
}