{
  "id": "gen9championsvgc2026regma-2587614083",
  "format": "[Gen 9 Champions] VGC 2026 Reg M-A",
  "players": [
    "fractality1987",
    "jalynnpolkhater"
  ],
  "log": "|j|\u2606fractality1987\n|j|\u2606jalynnpolkhater\n|t:|1776547077\n|gametype|doubles\n|player|p1|fractality1987|ghetsis-gen5bw|1092\n|player|p2|jalynnpolkhater|ghetsis|1163\n|gen|9\n|tier|[Gen 9 Champions] VGC 2026 Reg M-A\n|rated|\n|rule|Species Clause: Limit one of each Pok\u00e9mon\n|rule|Item Clause: Limit 1 of each item\n|clearpoke\n|poke|p1|Zoroark-Hisui, L50, F, shiny|\n|poke|p1|Gengar, L50, M|\n|poke|p1|Kingambit, L50, M, shiny|\n|poke|p1|Farigiraf, L50, M, shiny|\n|poke|p1|Golurk, L50, shiny|\n|poke|p1|Sneasler, L50, M, shiny|\n|poke|p2|Charizard, L50, M|\n|poke|p2|Arcanine-Hisui, L50, F|\n|poke|p2|Gallade, L50, M|\n|poke|p2|Garchomp, L50, M|\n|poke|p2|Whimsicott, L50, M|\n|poke|p2|Incineroar, L50, F|\n|teampreview|4\nfractality1987 rejected open team sheets.\n|inactive|Battle timer is ON: inactive players will automatically lose when time's up. (requested by jalynnpolkhater)\n|\n|t:|1776547150\n|teamsize|p1|4\n|teamsize|p2|4\n|start\n|switch|p1a: Farigiraf|Farigiraf, L50, M, shiny|100/100\n|switch|p1b: Sneasler|Sneasler, L50, M, shiny|100/100\n|switch|p2a: Charizard|Charizard, L50, M|100/100\n|switch|p2b: Gallade|Gallade, L50, M|100/100\n|turn|1\n|\n|t:|1776547167\n|detailschange|p2a: Charizard|Charizard-Mega-Y, L50, M\n|-mega|p2a: Charizard|Charizard|Charizardite Y\n|-weather|SunnyDay|[from] ability: Drought|[of] p2a: Charizard\n|move|p1b: Sneasler|Fake Out|p2b: Gallade\n|-damage|p2b: Gallade|79/100\n|move|p2a: Charizard|Heat Wave|p1b: Sneasler|[spread] p1a,p1b\n|-damage|p1a: Farigiraf|46/100\n|-damage|p1b: Sneasler|15/100\n|-status|p1a: Farigiraf|brn\n|-enditem|p1a: Farigiraf|Sitrus Berry|[eat]\n|-heal|p1a: Farigiraf|71/100 brn|[from] item: Sitrus Berry\n|cant|p2b: Gallade|flinch\n|move|p1a: Farigiraf|Trick Room|p1a: Farigiraf\n|-fieldstart|move: Trick Room|[of] p1a: Farigiraf\n|\n|-weather|SunnyDay|[upkeep]\n|-damage|p1a: Farigiraf|65/100 brn|[from] brn\n|upkeep\n|turn|2\n|\n|t:|1776547189\n|switch|p1a: Golurk|Golurk, L50, shiny|100/100\n|move|p2b: Gallade|Leaf Blade|p1a: Golurk\n|-supereffective|p1a: Golurk|1\n|-damage|p1a: Golurk|0 fnt\n|faint|p1a: Golurk\n|move|p2a: Charizard|Heat Wave|p1b: Sneasler\n|-damage|p1b: Sneasler|0 fnt\n|faint|p1b: Sneasler\n|\n|-weather|SunnyDay|[upkeep]\n|upkeep\n|-message|fractality1987 forfeited.\n|\n|win|jalynnpolkhater\n|raw|fractality1987's rating: 1092 &rarr; <strong>1073</strong><br />(-19 for losing)\n|raw|jalynnpolkhater's rating: 1163 &rarr; <strong>1183</strong><br />(+20 for winning)\n|l|\u2606fractality1987\n|player|p1|\n",
  "uploadtime": 1776547209,
  "views": 19,
  "formatid": "gen9championsvgc2026regma",
  "rating": 1073,
  "private": 0,
  "password": null
}