{
  "id": "gen9championsvgc2026regma-2581242612",
  "format": "[Gen 9 Champions] VGC 2026 Reg M-A",
  "players": [
    "Ewiky22",
    "Am Your Conscience"
  ],
  "log": "|j|\u2606Ewiky22\n|j|\u2606Am Your Conscience\n|t:|1775975271\n|gametype|doubles\n|player|p1|Ewiky22|liza|1081\n|player|p2|Am Your Conscience|n|1126\n|gen|9\n|tier|[Gen 9 Champions] VGC 2026 Reg M-A\n|rated|\n|rule|Species Clause: Limit one of each Pok\u00e9mon\n|rule|Item Clause: Limit 1 of each item\n|clearpoke\n|poke|p1|Scizor, L50, M|\n|poke|p1|Starmie, L50|\n|poke|p1|Basculegion, L50, M|\n|poke|p1|Pelipper, L50, F|\n|poke|p1|Sinistcha, L50|\n|poke|p1|Gyarados, L50, F|\n|poke|p2|Delphox, L50, F|\n|poke|p2|Garchomp, L50, F|\n|poke|p2|Charizard, L50, M|\n|poke|p2|Venusaur, L50, F|\n|poke|p2|Orthworm, L50, F|\n|poke|p2|Maushold, L50|\n|teampreview|4\n|inactive|Battle timer is ON: inactive players will automatically lose when time's up. (requested by Ewiky22)\n|\n|t:|1775975295\n|teamsize|p1|4\n|teamsize|p2|4\n|start\n|switch|p1a: Starmie|Starmie, L50|100/100\n|switch|p1b: Pelipper|Pelipper, L50, F|100/100\n|switch|p2a: Garchomp|Garchomp, L50, F|100/100\n|switch|p2b: Orthworm|Orthworm, L50, F|100/100\n|-weather|RainDance|[from] ability: Drizzle|[of] p1b: Pelipper\n|turn|1\n|\n|t:|1775975313\n|detailschange|p1a: Starmie|Starmie-Mega, L50\n|-mega|p1a: Starmie|Starmie|Starminite\n|move|p2a: Garchomp|Rock Slide|p1b: Pelipper|[spread] p1a,p1b\n|-supereffective|p1b: Pelipper|1\n|-damage|p1a: Starmie|76/100\n|-damage|p1b: Pelipper|39/100\n|move|p1a: Starmie|Psychic|p2a: Garchomp\n|-damage|p2a: Garchomp|44/100\n|move|p1b: Pelipper|Tailwind|p1b: Pelipper\n|-sidestart|p1: Ewiky22|move: Tailwind\n|move|p2b: Orthworm|Shed Tail|p2b: Orthworm\n|-start|p2b: Orthworm|Substitute|[from] move: Shed Tail\n|-damage|p2b: Orthworm|50/100\n|-enditem|p2b: Orthworm|Sitrus Berry|[eat]\n|-heal|p2b: Orthworm|75/100|[from] item: Sitrus Berry\n|\n|t:|1775975327\n|switch|p2b: Charizard|Charizard, L50, M|100/100|[from] Shed Tail\n|\n|-weather|RainDance|[upkeep]\n|upkeep\n|turn|2\n|\n|t:|1775975350\n|detailschange|p2b: Charizard|Charizard-Mega-Y, L50, M\n|-mega|p2b: Charizard|Charizard|Charizardite Y\n|-weather|SunnyDay|[from] ability: Drought|[of] p2b: Charizard\n|move|p1a: Starmie|Scald|p2b: Charizard\n|-supereffective|p2b: Charizard|1\n|-end|p2b: Charizard|Substitute\n|move|p1b: Pelipper|Weather Ball|p2b: Charizard\n|-resisted|p2b: Charizard|1\n|-damage|p2b: Charizard|79/100\n|move|p2a: Garchomp|Rock Slide|p1a: Starmie|[spread] p1a,p1b\n|-crit|p1a: Starmie\n|-supereffective|p1b: Pelipper|1\n|-damage|p1a: Starmie|36/100\n|-damage|p1b: Pelipper|0 fnt\n|faint|p1b: Pelipper\n|move|p2b: Charizard|Air Slash|p1a: Starmie\n|-damage|p1a: Starmie|0 fnt\n|faint|p1a: Starmie\n|\n|-weather|SunnyDay|[upkeep]\n|upkeep\n|-message|Ewiky22 forfeited.\n|\n|win|Am Your Conscience\n|raw|Ewiky22's rating: 1081 &rarr; <strong>1062</strong><br />(-19 for losing)\n|raw|Am Your Conscience's rating: 1126 &rarr; <strong>1148</strong><br />(+22 for winning)\n|l|\u2606Ewiky22\n|player|p1|\n",
  "uploadtime": 1775975373,
  "views": 11,
  "formatid": "gen9championsvgc2026regma",
  "rating": 1062,
  "private": 0,
  "password": null
}