{
  "id": "gen9championsvgc2026regma-2585223859",
  "format": "[Gen 9 Champions] VGC 2026 Reg M-A",
  "players": [
    "DeStef2003",
    "viendan279"
  ],
  "log": "|j|\u2606DeStef2003\n|j|\u2606viendan279\n|t:|1776326958\n|gametype|doubles\n|player|p1|DeStef2003|102|1323\n|player|p2|viendan279|hilbert-wonderlauncher|1237\n|gen|9\n|tier|[Gen 9 Champions] VGC 2026 Reg M-A\n|rated|\n|rule|Species Clause: Limit one of each Pok\u00e9mon\n|rule|Item Clause: Limit 1 of each item\n|clearpoke\n|poke|p1|Sneasler, L50, M|\n|poke|p1|Garchomp, L50, M|\n|poke|p1|Talonflame, L50, F|\n|poke|p1|Froslass, L50, F|\n|poke|p1|Basculegion, L50, M|\n|poke|p1|Kingambit, L50, M|\n|poke|p2|Gardevoir, L50, F|\n|poke|p2|Empoleon, L50, M|\n|poke|p2|Garchomp, L50, F|\n|poke|p2|Volcarona, L50, M|\n|poke|p2|Aerodactyl, L50, M|\n|poke|p2|Basculegion, L50, M|\n|teampreview|4\n|\n|t:|1776327021\n|teamsize|p1|4\n|teamsize|p2|4\n|start\n|switch|p1a: Talonflame|Talonflame, L50, F|100/100\n|switch|p1b: Froslass|Froslass, L50, F|100/100\n|switch|p2a: Aerodactyl|Aerodactyl, L50, M|100/100\n|switch|p2b: Volcarona|Volcarona, L50, M|100/100\n|-ability|p2a: Aerodactyl|Unnerve\n|turn|1\n|\n|t:|1776327059\n|move|p1b: Froslass|Protect|p1b: Froslass\n|-singleturn|p1b: Froslass|Protect\n|move|p1a: Talonflame|Dual Wingbeat|p2b: Volcarona\n|-supereffective|p2b: Volcarona|1\n|-damage|p2b: Volcarona|34/100\n|-supereffective|p2b: Volcarona|1\n|-damage|p2b: Volcarona|0 fnt\n|faint|p2b: Volcarona\n|-hitcount|p2: Volcarona|2\n|move|p2a: Aerodactyl|Tailwind|p2a: Aerodactyl\n|-sidestart|p2: viendan279|move: Tailwind\n|\n|upkeep\n|\n|t:|1776327074\n|switch|p2b: Garchomp|Garchomp, L50, F|100/100\n|turn|2\n|\n|t:|1776327110\n|move|p1a: Talonflame|Tailwind|p1a: Talonflame\n|-sidestart|p1: DeStef2003|move: Tailwind\n|move|p2a: Aerodactyl|Rock Slide|p1b: Froslass|[spread] p1a\n|-miss|p2a: Aerodactyl|p1b: Froslass\n|-supereffective|p1a: Talonflame|2\n|-damage|p1a: Talonflame|0 fnt\n|faint|p1a: Talonflame\n|move|p1b: Froslass|Blizzard|p2b: Garchomp|[spread] p2a,p2b\n|-supereffective|p2a: Aerodactyl|1\n|-supereffective|p2b: Garchomp|2\n|-damage|p2a: Aerodactyl|9/100\n|-damage|p2b: Garchomp|0 fnt\n|faint|p2b: Garchomp\n|\n|upkeep\n|c|\u2606DeStef2003|NOOO\n|c|\u2606DeStef2003|I forgot to mega\n|c|\u2606DeStef2003|Phew\n|\n|t:|1776327131\n|switch|p1a: Basculegion|Basculegion, L50, M|100/100\n|switch|p2b: Basculegion|Basculegion, L50, M|100/100\n|turn|3\n|\n|t:|1776327165\n|detailschange|p1b: Froslass|Froslass-Mega, L50, F\n|-mega|p1b: Froslass|Froslass|Froslassite\n|-weather|Snowscape|[from] ability: Snow Warning|[of] p1b: Froslass\n|move|p1a: Basculegion|Last Respects|p2b: Basculegion\n|-supereffective|p2b: Basculegion|1\n|-damage|p2b: Basculegion|0 fnt\n|faint|p2b: Basculegion\n|move|p2a: Aerodactyl|Rock Slide|p1b: Froslass|[spread] p1a,p1b\n|-supereffective|p1b: Froslass|1\n|-damage|p1a: Basculegion|68/100\n|-damage|p1b: Froslass|43/100\n|move|p1b: Froslass|Shadow Ball|p2a: Aerodactyl\n|-damage|p2a: Aerodactyl|0 fnt\n|faint|p2a: Aerodactyl\n|\n|win|DeStef2003\n|raw|DeStef2003's rating: 1323 &rarr; <strong>1338</strong><br />(+15 for winning)\n|raw|viendan279's rating: 1237 &rarr; <strong>1218</strong><br />(-19 for losing)\n|c|\u2606DeStef2003|ggs\n|c|\u2606viendan279|ff\n|c|\u2606viendan279|gg\n",
  "uploadtime": 1776327181,
  "views": 34,
  "formatid": "gen9championsvgc2026regma",
  "rating": 1218,
  "private": 0,
  "password": null
}