{
  "id": "gen9championsvgc2026regma-2589576497",
  "format": "[Gen 9 Champions] VGC 2026 Reg M-A",
  "players": [
    "kooolk6 t 7",
    "dmarin04"
  ],
  "log": "|j|\u2606kooolk6 t 7\n|j|\u2606dmarin04\n|t:|1776735682\n|gametype|doubles\n|player|p1|kooolk6 t 7|elesa|1136\n|player|p2|dmarin04|unknown|1132\n|gen|9\n|tier|[Gen 9 Champions] VGC 2026 Reg M-A\n|rated|\n|rule|Species Clause: Limit one of each Pok\u00e9mon\n|rule|Item Clause: Limit 1 of each item\n|clearpoke\n|poke|p1|Whimsicott, L50, F|\n|poke|p1|Aegislash, L50, M|\n|poke|p1|Arcanine, L50, F|\n|poke|p1|Milotic, L50, M|\n|poke|p1|Gallade, L50, M|\n|poke|p1|Chimecho, L50, F|\n|poke|p2|Froslass, L50, F|\n|poke|p2|Garchomp, L50, M|\n|poke|p2|Talonflame, L50, F|\n|poke|p2|Sneasler, L50, F|\n|poke|p2|Sinistcha, L50|\n|poke|p2|Kingambit, L50, M|\n|teampreview|4\n|inactive|Battle timer is ON: inactive players will automatically lose when time's up. (requested by dmarin04)\n|\n|t:|1776735717\n|teamsize|p1|4\n|teamsize|p2|4\n|start\n|switch|p1a: Milotic|Milotic, L50, M|100/100\n|switch|p1b: Whimsicott|Whimsicott, L50, F|100/100\n|switch|p2a: Kingambit|Kingambit, L50, M|100/100\n|switch|p2b: Sneasler|Sneasler, L50, F|100/100\n|turn|1\n|\n|t:|1776735734\n|move|p1b: Whimsicott|Tailwind|p1b: Whimsicott\n|-sidestart|p1: kooolk6 t 7|move: Tailwind\n|move|p1a: Milotic|Muddy Water|p2b: Sneasler|[spread] p2a,p2b\n|-damage|p2a: Kingambit|77/100\n|-damage|p2b: Sneasler|68/100\n|-unboost|p2a: Kingambit|accuracy|1\n|-ability|p2a: Kingambit|Defiant|boost\n|-boost|p2a: Kingambit|atk|2\n|move|p2b: Sneasler|Dire Claw|p1b: Whimsicott\n|-supereffective|p1b: Whimsicott|2\n|-damage|p1b: Whimsicott|0 fnt\n|faint|p1b: Whimsicott\n|move|p2a: Kingambit|Kowtow Cleave|p1a: Milotic\n|-damage|p1a: Milotic|0 fnt\n|faint|p1a: Milotic\n|\n|upkeep\n|\n|t:|1776735741\n|switch|p1b: Arcanine|Arcanine, L50, F|100/100\n|switch|p1a: Gallade|Gallade, L50, M|100/100\n|-ability|p1b: Arcanine|Intimidate|boost\n|-unboost|p2a: Kingambit|atk|1\n|-ability|p2a: Kingambit|Defiant|boost\n|-boost|p2a: Kingambit|atk|2\n|-unboost|p2b: Sneasler|atk|1\n|-enditem|p2b: Sneasler|White Herb\n|-clearnegativeboost|p2b: Sneasler|[silent]\n|turn|2\n|\n|t:|1776735759\n|move|p2b: Sneasler|Protect|p2b: Sneasler\n|-singleturn|p2b: Sneasler|Protect\n|move|p1a: Gallade|Protect|p1a: Gallade\n|-singleturn|p1a: Gallade|Protect\n|move|p2a: Kingambit|Sucker Punch|p1b: Arcanine\n|-crit|p1b: Arcanine\n|-damage|p1b: Arcanine|0 fnt\n|faint|p1b: Arcanine\n|\n|upkeep\n|turn|3\n|-message|kooolk6 t 7 forfeited.\n|\n|win|dmarin04\n|raw|kooolk6 t 7's rating: 1136 &rarr; <strong>1111</strong><br />(-25 for losing)\n|raw|dmarin04's rating: 1132 &rarr; <strong>1157</strong><br />(+25 for winning)\n|l|\u2606kooolk6 t 7\n|player|p1|\n",
  "uploadtime": 1776735774,
  "views": 10,
  "formatid": "gen9championsvgc2026regma",
  "rating": 1111,
  "private": 0,
  "password": null
}