{
  "id": "gen9championsvgc2026regma-2582722293",
  "format": "[Gen 9 Champions] VGC 2026 Reg M-A",
  "players": [
    "doufutoku",
    "ruinationn"
  ],
  "log": "|j|\u2606doufutoku\n|j|\u2606ruinationn\n|t:|1776109619\n|gametype|doubles\n|player|p1|doufutoku|169|1143\n|player|p2|ruinationn|cyrus-masters|1048\n|gen|9\n|tier|[Gen 9 Champions] VGC 2026 Reg M-A\n|rated|\n|rule|Species Clause: Limit one of each Pok\u00e9mon\n|rule|Item Clause: Limit 1 of each item\n|clearpoke\n|poke|p1|Garchomp, L50, F|\n|poke|p1|Corviknight, L50, M|\n|poke|p1|Charizard, L50, F|\n|poke|p1|Venusaur, L50, F|\n|poke|p1|Sneasler, L50, F|\n|poke|p1|Rotom-Wash, L50|\n|poke|p2|Meowstic, L50, M|\n|poke|p2|Archaludon, L50, F|\n|poke|p2|Sneasler, L50, F|\n|poke|p2|Alakazam, L50, F|\n|poke|p2|Floette-Eternal, L50, F|\n|poke|p2|Incineroar, L50, F|\n|teampreview|4\n|inactive|Battle timer is ON: inactive players will automatically lose when time's up. (requested by doufutoku)\n|inactive|doufutoku has 60 seconds left.\n|\n|t:|1776109662\n|teamsize|p1|4\n|teamsize|p2|4\n|start\n|switch|p1a: Garchomp|Garchomp, L50, F|100/100\n|switch|p1b: Charizard|Charizard, L50, F|100/100\n|switch|p2a: Meowstic|Meowstic, L50, M|100/100\n|switch|p2b: Alakazam|Alakazam, L50, F|100/100\n|turn|1\n|\n|t:|1776109672\n|detailschange|p2b: Alakazam|Alakazam-Mega, L50, F\n|-mega|p2b: Alakazam|Alakazam|Alakazite\n|-ability|p2b: Alakazam|Blaze|Trace|[from] ability: Trace|[of] p1b: Charizard\n|move|p2b: Alakazam|Protect|p2b: Alakazam\n|-singleturn|p2b: Alakazam|Protect\n|move|p1b: Charizard|Protect|p1b: Charizard\n|-singleturn|p1b: Charizard|Protect\n|move|p2a: Meowstic|Psychic Terrain|p2a: Meowstic\n|-fieldstart|move: Psychic Terrain\n|move|p1a: Garchomp|Earthquake|p2a: Meowstic|[spread] p2a\n|-activate|p1b: Charizard|move: Protect\n|-activate|p2b: Alakazam|move: Protect\n|-damage|p2a: Meowstic|50/100\n|\n|upkeep\n|turn|2\n|\n|t:|1776109692\n|switch|p1b: Corviknight|Corviknight, L50, M|100/100\n|move|p2a: Meowstic|Helping Hand|p2b: Alakazam\n|-singleturn|p2b: Alakazam|Helping Hand|[of] p2a: Meowstic\n|move|p1a: Garchomp|Earthquake|p2b: Alakazam|[spread] p2a,p2b\n|-immune|p1b: Corviknight\n|-damage|p2a: Meowstic|0 fnt\n|-damage|p2b: Alakazam|15/100\n|faint|p2a: Meowstic\n|move|p2b: Alakazam|Expanding Force|p1a: Garchomp|[spread] p1a,p1b\n|-resisted|p1b: Corviknight|1\n|-crit|p1b: Corviknight\n|-damage|p1a: Garchomp|0 fnt\n|-damage|p1b: Corviknight|37/100\n|faint|p1a: Garchomp\n|\n|-heal|p1b: Corviknight|43/100|[from] item: Leftovers\n|upkeep\n|\n|t:|1776109712\n|switch|p1a: Charizard|Charizard, L50, F|100/100\n|switch|p2a: Sneasler|Sneasler, L50, F|100/100\n|turn|3\n|\n|t:|1776109724\n|move|p1a: Charizard|Protect|p1a: Charizard\n|-singleturn|p1a: Charizard|Protect\n|move|p2b: Alakazam|Expanding Force|p1b: Corviknight|[spread] p1b\n|-activate|p1a: Charizard|move: Protect\n|-resisted|p1b: Corviknight|1\n|-damage|p1b: Corviknight|16/100\n|move|p2a: Sneasler|Rock Slide|p1a: Charizard|[spread] p1b\n|-activate|p1a: Charizard|move: Protect\n|-damage|p1b: Corviknight|0 fnt\n|faint|p1b: Corviknight\n|\n|upkeep\n|\n|t:|1776109735\n|switch|p1b: Sneasler|Sneasler, L50, F|100/100\n|turn|4\n|\n|t:|1776109743\n|detailschange|p1a: Charizard|Charizard-Mega-Y, L50, F\n|-mega|p1a: Charizard|Charizard|Charizardite Y\n|-weather|SunnyDay|[from] ability: Drought|[of] p1a: Charizard\n|move|p2b: Alakazam|Expanding Force|p1a: Charizard|[spread] p1a,p1b\n|-supereffective|p1b: Sneasler|2\n|-damage|p1a: Charizard|17/100\n|-damage|p1b: Sneasler|0 fnt\n|faint|p1b: Sneasler\n|move|p2a: Sneasler|Rock Slide|p1a: Charizard\n|-supereffective|p1a: Charizard|2\n|-damage|p1a: Charizard|0 fnt\n|faint|p1a: Charizard\n|\n|win|ruinationn\n|raw|doufutoku's rating: 1143 &rarr; <strong>1111</strong><br />(-32 for losing)\n|raw|ruinationn's rating: 1048 &rarr; <strong>1090</strong><br />(+42 for winning)\n|l|\u2606doufutoku\n|player|p1|\n",
  "uploadtime": 1776109753,
  "views": 33,
  "formatid": "gen9championsvgc2026regma",
  "rating": 1090,
  "private": 0,
  "password": null
}