{
  "id": "gen9championsvgc2026regma-2586583327",
  "format": "[Gen 9 Champions] VGC 2026 Reg M-A",
  "players": [
    "Irvantheboredone",
    "Amedernus"
  ],
  "log": "|j|\u2606Irvantheboredone\n|j|\u2606Amedernus\n|t:|1776444780\n|gametype|doubles\n|player|p1|Irvantheboredone|1|1000\n|player|p2|Amedernus|brycenman|1031\n|gen|9\n|tier|[Gen 9 Champions] VGC 2026 Reg M-A\n|rated|\n|rule|Species Clause: Limit one of each Pok\u00e9mon\n|rule|Item Clause: Limit 1 of each item\n|clearpoke\n|poke|p1|Glimmora, L50, M|\n|poke|p1|Maushold, L50|\n|poke|p1|Tinkaton, L50, F|\n|poke|p1|Araquanid, L50, M|\n|poke|p1|Meowscarada, L50, F|\n|poke|p1|Froslass, L50, F|\n|poke|p2|Floette-Eternal, L50, F|\n|poke|p2|Garchomp, L50, M|\n|poke|p2|Incineroar, L50, M|\n|poke|p2|Sinistcha, L50|\n|poke|p2|Sneasler, L50, M|\n|poke|p2|Maushold-Four, L50|\n|teampreview|4\n|\n|t:|1776444799\n|teamsize|p1|4\n|teamsize|p2|4\n|start\n|switch|p1a: Glimmora|Glimmora, L50, M|100/100\n|switch|p1b: Araquanid|Araquanid, L50, M|100/100\n|switch|p2a: Floette|Floette-Eternal, L50, F|100/100\n|switch|p2b: Maushold|Maushold-Four, L50|100/100\n|turn|1\n|\n|t:|1776444822\n|detailschange|p1a: Glimmora|Glimmora-Mega, L50, M\n|-mega|p1a: Glimmora|Glimmora|Glimmoranite\n|move|p1b: Araquanid|Protect|p1b: Araquanid\n|-singleturn|p1b: Araquanid|Protect\n|move|p2b: Maushold|Follow Me|p2b: Maushold\n|-singleturn|p2b: Maushold|move: Follow Me\n|move|p1a: Glimmora|Sludge Wave|p2a: Floette|[spread] p2a,p2b\n|-activate|p1b: Araquanid|move: Protect\n|-supereffective|p2a: Floette|1\n|-damage|p2a: Floette|11/100\n|-damage|p2b: Maushold|21/100\n|move|p2a: Floette|Calm Mind|p2a: Floette\n|-boost|p2a: Floette|spa|1\n|-boost|p2a: Floette|spd|1\n|\n|upkeep\n|turn|2\n|-activate|p1b: Araquanid|item: Quick Claw\n|\n|t:|1776444848\n|detailschange|p2a: Floette|Floette-Mega, L50, F\n|-mega|p2a: Floette|Floette|Floettite\n|-ability|p2a: Floette|Fairy Aura\n|move|p2b: Maushold|Protect|p2b: Maushold\n|-singleturn|p2b: Maushold|Protect\n|move|p1a: Glimmora|Spiky Shield|p1a: Glimmora\n|-singleturn|p1a: Glimmora|move: Protect\n|move|p1b: Araquanid|Liquidation|p2a: Floette\n|-damage|p2a: Floette|0 fnt\n|faint|p2a: Floette\n|\n|upkeep\n|-message|Amedernus forfeited.\n|\n|win|Irvantheboredone\n|raw|Irvantheboredone's rating: 1000 &rarr; <strong>1044</strong><br />(+44 for winning)\n|raw|Amedernus's rating: 1031 &rarr; <strong>1015</strong><br />(-16 for losing)\n|l|\u2606Amedernus\n|player|p2|\n",
  "uploadtime": 1776444870,
  "views": 23,
  "formatid": "gen9championsvgc2026regma",
  "rating": 1015,
  "private": 0,
  "password": null
}