{
  "id": "gen9championsvgc2026regma-2587174906",
  "format": "[Gen 9 Champions] VGC 2026 Reg M-A",
  "players": [
    "gekko kabu",
    "Lavanda.17"
  ],
  "log": "|j|\u2606gekko kabu\n|j|\u2606Lavanda.17\n|t:|1776504397\n|gametype|doubles\n|player|p1|gekko kabu|bugcatcher-gen4dp|1443\n|player|p2|Lavanda.17|kimonogirl|1430\n|gen|9\n|tier|[Gen 9 Champions] VGC 2026 Reg M-A\n|rated|\n|rule|Species Clause: Limit one of each Pok\u00e9mon\n|rule|Item Clause: Limit 1 of each item\n|clearpoke\n|poke|p1|Charizard, L50, M, shiny|\n|poke|p1|Incineroar, L50, M, shiny|\n|poke|p1|Whimsicott, L50, F, shiny|\n|poke|p1|Garchomp, L50, M, shiny|\n|poke|p1|Rotom-Wash, L50, shiny|\n|poke|p1|Sneasler, L50, F|\n|poke|p2|Froslass, L50, F|\n|poke|p2|Garchomp, L50, M|\n|poke|p2|Hydreigon, L50, M|\n|poke|p2|Sneasler, L50, M|\n|poke|p2|Arcanine-Hisui, L50, M|\n|poke|p2|Jolteon, L50, M|\n|teampreview|4\n|inactive|Battle timer is ON: inactive players will automatically lose when time's up. (requested by gekko kabu)\n|\n|t:|1776504492\n|teamsize|p1|4\n|teamsize|p2|4\n|start\n|switch|p1a: Charizard|Charizard, L50, M, shiny|100/100\n|switch|p1b: Whimsicott|Whimsicott, L50, F, shiny|100/100\n|switch|p2a: Jolteon|Jolteon, L50, M|100/100\n|switch|p2b: Froslass|Froslass, L50, F|100/100\n|turn|1\n|inactive|Lavanda.17 has 30 seconds left.\n|inactive|Lavanda.17 has 20 seconds left.\n|inactive|Lavanda.17 has 15 seconds left.\n|inactive|Lavanda.17 has 10 seconds left.\n|\n|t:|1776504538\n|switch|p2b: Arcanine|Arcanine-Hisui, L50, M|100/100\n|-ability|p2b: Arcanine|Intimidate|boost\n|-unboost|p1a: Charizard|atk|1\n|-unboost|p1b: Whimsicott|atk|1\n|move|p1a: Charizard|Protect|p1a: Charizard\n|-singleturn|p1a: Charizard|Protect\n|move|p2a: Jolteon|Electroweb|p1a: Charizard|[spread] p1b\n|-activate|p1a: Charizard|move: Protect\n|-resisted|p1b: Whimsicott|1\n|-damage|p1b: Whimsicott|86/100\n|-unboost|p1b: Whimsicott|spe|1\n|move|p1b: Whimsicott|Moonblast|p2a: Jolteon\n|-damage|p2a: Jolteon|55/100\n|\n|upkeep\n|turn|2\n|inactive|Lavanda.17 has 30 seconds left.\n|inactive|Lavanda.17 has 20 seconds left.\n|\n|t:|1776504578\n|switch|p1a: Garchomp|Garchomp, L50, M, shiny|100/100\n|switch|p1b: Rotom|Rotom-Wash, L50, shiny|100/100\n|move|p2a: Jolteon|Protect|p2a: Jolteon\n|-singleturn|p2a: Jolteon|Protect\n|move|p2b: Arcanine|Flare Blitz|p1b: Rotom\n|-resisted|p1b: Rotom|1\n|-damage|p1b: Rotom|69/100\n|-damage|p2b: Arcanine|91/100|[from] Recoil\n|\n|-heal|p1b: Rotom|74/100|[from] item: Leftovers\n|upkeep\n|turn|3\n|\n|t:|1776504598\n|switch|p2b: Hydreigon|Hydreigon, L50, M|100/100\n|move|p1a: Garchomp|Earthquake|p2b: Hydreigon|[spread] p2a\n|-immune|p1b: Rotom|[from] ability: Levitate\n|-immune|p2b: Hydreigon|[from] ability: Levitate\n|-supereffective|p2a: Jolteon|1\n|-damage|p2a: Jolteon|0 fnt\n|faint|p2a: Jolteon\n|move|p1b: Rotom|Volt Switch|p2b: Hydreigon\n|-resisted|p2b: Hydreigon|1\n|-damage|p2b: Hydreigon|82/100\n|\n|t:|1776504610\n|switch|p1b: Whimsicott|Whimsicott, L50, F, shiny|86/100|[from] Volt Switch\n|\n|upkeep\n|\n|t:|1776504615\n|switch|p2a: Arcanine|Arcanine-Hisui, L50, M|91/100\n|-ability|p2a: Arcanine|Intimidate|boost\n|-unboost|p1a: Garchomp|atk|1\n|-unboost|p1b: Whimsicott|atk|1\n|turn|4\n|j| nyoomington\n|inactive|Lavanda.17 has 30 seconds left.\n|inactive|Lavanda.17 has 20 seconds left.\n|\n|t:|1776504652\n|move|p2b: Hydreigon|Protect|p2b: Hydreigon\n|-singleturn|p2b: Hydreigon|Protect\n|move|p1b: Whimsicott|Tailwind|p1b: Whimsicott\n|-sidestart|p1: gekko kabu|move: Tailwind\n|move|p1a: Garchomp|Earthquake|p2a: Arcanine|[spread] p1b,p2a\n|-activate|p2b: Hydreigon|move: Protect\n|-resisted|p1b: Whimsicott|1\n|-supereffective|p2a: Arcanine|2\n|-damage|p1b: Whimsicott|63/100\n|-damage|p2a: Arcanine|0 fnt\n|faint|p2a: Arcanine\n|\n|upkeep\n|-message|Lavanda.17 forfeited.\n|\n|win|gekko kabu\n|raw|gekko kabu's rating: 1443 &rarr; <strong>1462</strong><br />(+19 for winning)\n|raw|Lavanda.17's rating: 1430 &rarr; <strong>1411</strong><br />(-19 for losing)\n|l|\u2606Lavanda.17\n|player|p2|\n|l|\u2606gekko kabu\n|player|p1|\n|l| nyoomington\n",
  "uploadtime": 1776504680,
  "views": 38,
  "formatid": "gen9championsvgc2026regma",
  "rating": 1411,
  "private": 0,
  "password": null
}