{
  "id": "gen9championsvgc2026regma-2588340323",
  "format": "[Gen 9 Champions] VGC 2026 Reg M-A",
  "players": [
    "disciple of blahaj",
    "MegaArmarougeWhen"
  ],
  "log": "|j|\u2606disciple of blahaj\n|j|\u2606MegaArmarougeWhen\n|t:|1776625470\n|gametype|doubles\n|player|p1|disciple of blahaj|jacinthe|1281\n|player|p2|MegaArmarougeWhen|265|1198\n|gen|9\n|tier|[Gen 9 Champions] VGC 2026 Reg M-A\n|rated|\n|rule|Species Clause: Limit one of each Pok\u00e9mon\n|rule|Item Clause: Limit 1 of each item\n|clearpoke\n|poke|p1|Lopunny, L50, M, shiny|\n|poke|p1|Basculegion, L50, M|\n|poke|p1|Klefki, L50, M, shiny|\n|poke|p1|Pelipper, L50, M|\n|poke|p1|Garchomp, L50, F|\n|poke|p1|Aegislash, L50, M|\n|poke|p2|Sableye, L50, F|\n|poke|p2|Aggron, L50, F|\n|poke|p2|Gardevoir, L50, F|\n|poke|p2|Torterra, L50, F|\n|poke|p2|Maushold, L50|\n|poke|p2|Milotic, L50, F|\n|teampreview|4\n|\n|t:|1776625495\n|teamsize|p1|4\n|teamsize|p2|4\n|start\n|switch|p1a: Lopunny|Lopunny, L50, M, shiny|100/100\n|switch|p1b: Basculegion|Basculegion, L50, M|100/100\n|switch|p2a: Sableye|Sableye, L50, F|100/100\n|switch|p2b: Aggron|Aggron, L50, F|100/100\n|turn|1\n|inactive|Battle timer is ON: inactive players will automatically lose when time's up. (requested by disciple of blahaj)\n|\n|t:|1776625509\n|detailschange|p1a: Lopunny|Lopunny-Mega, L50, M, shiny\n|-mega|p1a: Lopunny|Lopunny|Lopunnite\n|detailschange|p2b: Aggron|Aggron-Mega, L50, F\n|-mega|p2b: Aggron|Aggron|Aggronite\n|move|p1a: Lopunny|Fake Out|p2a: Sableye\n|-damage|p2a: Sableye|72/100\n|cant|p2a: Sableye|flinch\n|move|p1b: Basculegion|Wave Crash|p2a: Sableye\n|-damage|p2a: Sableye|0 fnt\n|faint|p2a: Sableye\n|-damage|p1b: Basculegion|82/100|[from] Recoil\n|move|p2b: Aggron|Curse|p2b: Aggron\n|-unboost|p2b: Aggron|spe|1\n|-boost|p2b: Aggron|atk|1\n|-boost|p2b: Aggron|def|1\n|\n|upkeep\n|\n|t:|1776625518\n|switch|p2a: Torterra|Torterra, L50, F|100/100\n|turn|2\n|\n|t:|1776625531\n|switch|p1b: Pelipper|Pelipper, L50, M|100/100\n|-weather|RainDance|[from] ability: Drizzle|[of] p1b: Pelipper\n|move|p1a: Lopunny|Encore|p2b: Aggron\n|-start|p2b: Aggron|Encore\n|move|p2a: Torterra|Shell Smash|p2a: Torterra\n|-unboost|p2a: Torterra|def|1\n|-unboost|p2a: Torterra|spd|1\n|-boost|p2a: Torterra|atk|2\n|-boost|p2a: Torterra|spa|2\n|-boost|p2a: Torterra|spe|2\n|-enditem|p2a: Torterra|White Herb\n|-clearnegativeboost|p2a: Torterra|[silent]\n|move|p2b: Aggron|Curse|p2b: Aggron\n|-unboost|p2b: Aggron|spe|1\n|-boost|p2b: Aggron|atk|1\n|-boost|p2b: Aggron|def|1\n|\n|-weather|RainDance|[upkeep]\n|upkeep\n|turn|3\n|\n|t:|1776625548\n|move|p1a: Lopunny|Encore|p2a: Torterra\n|-start|p2a: Torterra|Encore\n|move|p2a: Torterra|Shell Smash|p2a: Torterra\n|-unboost|p2a: Torterra|def|1\n|-unboost|p2a: Torterra|spd|1\n|-boost|p2a: Torterra|atk|2\n|-boost|p2a: Torterra|spa|2\n|-boost|p2a: Torterra|spe|2\n|move|p1b: Pelipper|Hurricane|p2a: Torterra\n|-supereffective|p2a: Torterra|1\n|-damage|p2a: Torterra|0 fnt\n|faint|p2a: Torterra\n|move|p2b: Aggron|Curse|p2b: Aggron\n|-unboost|p2b: Aggron|spe|1\n|-boost|p2b: Aggron|atk|1\n|-boost|p2b: Aggron|def|1\n|\n|-weather|RainDance|[upkeep]\n|upkeep\n|-message|MegaArmarougeWhen forfeited.\n|\n|win|disciple of blahaj\n|raw|disciple of blahaj's rating: 1281 &rarr; <strong>1300</strong><br />(+19 for winning)\n|raw|MegaArmarougeWhen's rating: 1198 &rarr; <strong>1179</strong><br />(-19 for losing)\n|l|\u2606MegaArmarougeWhen\n|player|p2|\n",
  "uploadtime": 1776625569,
  "views": 9,
  "formatid": "gen9championsvgc2026regma",
  "rating": 1179,
  "private": 0,
  "password": null
}