{
  "id": "gen9championsvgc2026regma-2587664093",
  "format": "[Gen 9 Champions] VGC 2026 Reg M-A",
  "players": [
    "TTT x",
    "Ongalabong"
  ],
  "log": "|j|\u2606TTT x\n|j|\u2606Ongalabong\n|t:|1776551681\n|gametype|doubles\n|player|p1|TTT x|#smogonxnpa2025draftee|\n|player|p2|Ongalabong|benga|\n|gen|9\n|tier|[Gen 9 Champions] VGC 2026 Reg M-A\n|rated|Tournament battle\n|rule|Species Clause: Limit one of each Pok\u00e9mon\n|rule|Item Clause: Limit 1 of each item\n|raw|<div class=\"infobox\"><details class=\"readmore\" open><summary><strong>1 custom rule:</strong></summary> Force Open Team Sheets</details></div>\n|clearpoke\n|poke|p1|Archaludon, L50, F|\n|poke|p1|Scovillain, L50, M|\n|poke|p1|Sinistcha, L50|\n|poke|p1|Pelipper, L50, M|\n|poke|p1|Scizor, L50, M|\n|poke|p1|Incineroar, L50, F|\n|poke|p2|Golurk, L50|\n|poke|p2|Farigiraf, L50, F|\n|poke|p2|Incineroar, L50, F|\n|poke|p2|Pelipper, L50, M|\n|poke|p2|Rotom-Mow, L50|\n|poke|p2|Basculegion, L50, M|\n|teampreview|4\n|showteam|p1|Archaludon||Leftovers|Stamina|ElectroShot,DragonPulse,Snarl,Protect|||F|||50|]Scovillain||Scovillainite|Moody|Overheat,LeechSeed,RagePowder,Protect|||M|||50|]Sinistcha||KasibBerry|Hospitality|ShadowBall,LifeDew,RagePowder,Protect||||||50|]Pelipper||SitrusBerry|Drizzle|WeatherBall,Tailwind,RainDance,Protect|||M|||50|]Scizor||Scizorite|Technician|BulletPunch,BugBite,SwordsDance,Protect|||M|||50|]Incineroar||ChopleBerry|Intimidate|FakeOut,FlareBlitz,WillOWisp,PartingShot|||F|||50|\n|showteam|p2|Golurk||Golurkite|IronFist|HeadlongRush,Earthquake,Poltergeist,Protect||||||50|]Farigiraf||ColburBerry|ArmorTail|Psychic,HyperVoice,TrickRoom,HelpingHand|||F|||50|]Incineroar||SitrusBerry|Intimidate|FlareBlitz,ThroatChop,FakeOut,PartingShot|||F|||50|]Pelipper||FocusSash|Drizzle|WeatherBall,Hurricane,Tailwind,Protect|||M|||50|]Rotom-Mow||Leftovers|Levitate|LeafStorm,Thunderbolt,WillOWisp,Protect||||||50|]Basculegion||ChoiceScarf|Adaptability|WaveCrash,LastRespects,AquaJet,FlipTurn|||M|||50|\n|j| christianfinity\n|j| ProssettiVGC\n|j|+crystalninetales\n|j|@Borghi\n|j|@Radio Free C-Side\n|\n|t:|1776551707\n|teamsize|p1|4\n|teamsize|p2|4\n|start\n|switch|p1a: Scovillain|Scovillain, L50, M|100/100\n|switch|p1b: Archaludon|Archaludon, L50, F|100/100\n|switch|p2a: Pelipper|Pelipper, L50, M|100/100\n|switch|p2b: Basculegion|Basculegion, L50, M|100/100\n|-weather|RainDance|[from] ability: Drizzle|[of] p2a: Pelipper\n|turn|1\n|j| flamingfearow2\n|\n|t:|1776551741\n|detailschange|p1a: Scovillain|Scovillain-Mega, L50, M\n|-mega|p1a: Scovillain|Scovillain|Scovillainite\n|move|p1a: Scovillain|Protect|p1a: Scovillain\n|-singleturn|p1a: Scovillain|Protect\n|move|p2b: Basculegion|Flip Turn|p1b: Archaludon\n|-resisted|p1b: Archaludon|1\n|-damage|p1b: Archaludon|79/100\n|-ability|p1b: Archaludon|Stamina|boost\n|-boost|p1b: Archaludon|def|1\n|j| TheNewBrends11@!\n|\n|t:|1776551748\n|switch|p2b: Golurk|Golurk, L50|100/100|[from] Flip Turn\n|move|p1b: Archaludon|Electro Shot||[still]\n|-prepare|p1b: Archaludon|Electro Shot\n|-boost|p1b: Archaludon|spa|1\n|-anim|p1b: Archaludon|Electro Shot|p2a: Pelipper\n|-supereffective|p2a: Pelipper|2\n|-enditem|p2a: Pelipper|Focus Sash\n|-damage|p2a: Pelipper|1/100\n|move|p2a: Pelipper|Hurricane|p1a: Scovillain\n|-activate|p1a: Scovillain|move: Protect\n|\n|-weather|RainDance|[upkeep]\n|-heal|p1b: Archaludon|85/100|[from] item: Leftovers\n|upkeep\n|turn|2\n|\n|t:|1776551771\n|detailschange|p2b: Golurk|Golurk-Mega, L50\n|-mega|p2b: Golurk|Golurk|Golurkite\n|move|p1a: Scovillain|Rage Powder|p1a: Scovillain\n|-singleturn|p1a: Scovillain|move: Rage Powder\n|move|p1b: Archaludon|Snarl|p2b: Golurk|[spread] p2a\n|-miss|p1b: Archaludon|p2b: Golurk\n|-damage|p2a: Pelipper|0 fnt\n|faint|p2a: Pelipper\n|move|p2b: Golurk|Headlong Rush|p1a: Scovillain\n|-damage|p1a: Scovillain|24/100\n|-unboost|p2b: Golurk|def|1\n|-unboost|p2b: Golurk|spd|1\n|-status|p2b: Golurk|brn|[from] ability: Spicy Spray|[of] p1a: Scovillain\n|\n|-weather|RainDance|[upkeep]\n|-heal|p1b: Archaludon|92/100|[from] item: Leftovers\n|-damage|p2b: Golurk|94/100 brn|[from] brn\n|upkeep\n|\n|t:|1776551780\n|switch|p2a: Basculegion|Basculegion, L50, M|100/100\n|turn|3\n|-message|Ongalabong forfeited.\n|\n|win|TTT x\n|n|\u2606TTT x|tttx\n|n|\u2606Ongalabong|ongalabong\n|n| christianfinity|christianfinity\n|n| ProssettiVGC|prossettivgc\n|n| crystalninetales|crystalninetales\n|n| Borghi|borghi\n|n|+Radio Free C-Side|radiofreecside\n|n| flamingfearow2|flamingfearow2\n|n| TheNewBrends11@!|thenewbrends11\n|l|\u2606TTT x\n|player|p1|\n",
  "uploadtime": 1776551787,
  "views": 43,
  "formatid": "gen9championsvgc2026regma",
  "rating": null,
  "private": 0,
  "password": null
}