{
  "id": "gen9championsvgc2026regma-2585115800",
  "format": "[Gen 9 Champions] VGC 2026 Reg M-A",
  "players": [
    "PiraKi4u",
    "Zzag"
  ],
  "log": "|j|\u2606PiraKi4u\n|j|\u2606Zzag\n|t:|1776313571\n|gametype|doubles\n|player|p1|PiraKi4u|pokekid|1096\n|player|p2|Zzag|101|1196\n|gen|9\n|tier|[Gen 9 Champions] VGC 2026 Reg M-A\n|rated|\n|rule|Species Clause: Limit one of each Pok\u00e9mon\n|rule|Item Clause: Limit 1 of each item\n|clearpoke\n|poke|p1|Delphox, L50, F|\n|poke|p1|Tsareena, L50, F|\n|poke|p1|Sneasler, L50, M|\n|poke|p1|Incineroar, L50, F|\n|poke|p1|Whimsicott, L50, F|\n|poke|p1|Garchomp, L50, M|\n|poke|p2|Maushold-Four, L50|\n|poke|p2|Garchomp, L50, M|\n|poke|p2|Floette-Eternal, L50, F|\n|poke|p2|Talonflame, L50, F|\n|poke|p2|Delphox, L50, M|\n|poke|p2|Sneasler, L50, M|\n|teampreview|4\n|inactive|Battle timer is ON: inactive players will automatically lose when time's up. (requested by PiraKi4u)\n|\n|t:|1776313597\n|teamsize|p1|4\n|teamsize|p2|4\n|start\n|switch|p1a: Incineroar|Incineroar, L50, F|100/100\n|switch|p1b: Garchomp|Garchomp, L50, M|100/100\n|switch|p2a: Floette|Floette-Eternal, L50, F|100/100\n|switch|p2b: Talonflame|Talonflame, L50, F, shiny|100/100\n|-ability|p1a: Incineroar|Intimidate|boost\n|-unboost|p2a: Floette|atk|1\n|-unboost|p2b: Talonflame|atk|1\n|turn|1\n|\n|t:|1776313613\n|move|p2b: Talonflame|Quick Guard|p2b: Talonflame\n|-singleturn|p2b: Talonflame|Quick Guard\n|move|p1a: Incineroar|Fake Out|p2a: Floette\n|-activate|p2a: Floette|move: Quick Guard\n|move|p2a: Floette|Dazzling Gleam|p1a: Incineroar|[spread] p1a,p1b\n|-supereffective|p1b: Garchomp|1\n|-damage|p1a: Incineroar|76/100\n|-damage|p1b: Garchomp|32/100\n|move|p1b: Garchomp|Power Gem|p2b: Talonflame\n|-supereffective|p2b: Talonflame|2\n|-enditem|p2b: Talonflame|Charti Berry|[eat]\n|-enditem|p2b: Talonflame|Charti Berry|[weaken]\n|-damage|p2b: Talonflame|0 fnt\n|faint|p2b: Talonflame\n|\n|upkeep\n|\n|t:|1776313629\n|switch|p2b: Gambelzalot|Sneasler, L50, M, shiny|100/100\n|turn|2\n|\n|t:|1776313645\n|switch|p1b: Tsareena|Tsareena, L50, F|100/100\n|move|p2a: Floette|Dazzling Gleam|p1a: Incineroar|[spread] p1a,p1b\n|-crit|p1b: Tsareena\n|-damage|p1a: Incineroar|51/100\n|-damage|p1b: Tsareena|40/100\n|move|p2b: Gambelzalot|Close Combat|p1a: Incineroar\n|-supereffective|p1a: Incineroar|1\n|-enditem|p1a: Incineroar|Chople Berry|[eat]\n|-enditem|p1a: Incineroar|Chople Berry|[weaken]\n|-damage|p1a: Incineroar|0 fnt\n|-unboost|p2b: Gambelzalot|def|1\n|-unboost|p2b: Gambelzalot|spd|1\n|faint|p1a: Incineroar\n|-enditem|p2b: Gambelzalot|White Herb\n|-clearnegativeboost|p2b: Gambelzalot|[silent]\n|\n|upkeep\n|\n|t:|1776313661\n|switch|p1a: Sneasler|Sneasler, L50, M|100/100\n|turn|3\n|\n|t:|1776313671\n|move|p2b: Gambelzalot|Dire Claw|p1b: Tsareena\n|-supereffective|p1b: Tsareena|1\n|-enditem|p1b: Tsareena|Kebia Berry|[eat]\n|-enditem|p1b: Tsareena|Kebia Berry|[weaken]\n|-damage|p1b: Tsareena|0 fnt\n|faint|p1b: Tsareena\n|move|p2a: Floette|Dazzling Gleam|p1a: Sneasler\n|-damage|p1a: Sneasler|30/100\n|move|p1a: Sneasler|Dire Claw|p2a: Floette\n|-supereffective|p2a: Floette|1\n|-crit|p2a: Floette\n|-damage|p2a: Floette|0 fnt\n|faint|p2a: Floette\n|\n|upkeep\n|\n|t:|1776313685\n|switch|p2a: Wizz|Delphox, L50, M, shiny|100/100\n|switch|p1b: Garchomp|Garchomp, L50, M|32/100\n|turn|4\n|\n|t:|1776313697\n|detailschange|p2a: Wizz|Delphox-Mega, L50, M, shiny\n|-mega|p2a: Wizz|Delphox|Delphoxite\n|move|p2b: Gambelzalot|Close Combat|p1b: Garchomp\n|-crit|p1b: Garchomp\n|-damage|p1b: Garchomp|0 fnt\n|-unboost|p2b: Gambelzalot|def|1\n|-unboost|p2b: Gambelzalot|spd|1\n|-damage|p2b: Gambelzalot|88/100|[from] ability: Rough Skin|[of] p1b: Garchomp\n|faint|p1b: Garchomp\n|move|p2a: Wizz|Psychic|p1a: Sneasler\n|-supereffective|p1a: Sneasler|2\n|-damage|p1a: Sneasler|0 fnt\n|faint|p1a: Sneasler\n|\n|win|Zzag\n|raw|PiraKi4u's rating: 1096 &rarr; <strong>1078</strong><br />(-18 for losing)\n|raw|Zzag's rating: 1196 &rarr; <strong>1214</strong><br />(+18 for winning)\n",
  "uploadtime": 1776313710,
  "views": 38,
  "formatid": "gen9championsvgc2026regma",
  "rating": 1078,
  "private": 0,
  "password": null
}