{
  "id": "gen9championsvgc2026regma-2584784577",
  "format": "[Gen 9 Champions] VGC 2026 Reg M-A",
  "players": [
    "maskedwolf56",
    "TanakoKyoto"
  ],
  "log": "|j|\u2606maskedwolf56\n|j|\u2606TanakoKyoto\n|t:|1776283440\n|gametype|doubles\n|player|p1|maskedwolf56|giovanni|1102\n|player|p2|TanakoKyoto|2|1124\n|gen|9\n|tier|[Gen 9 Champions] VGC 2026 Reg M-A\n|rated|\n|rule|Species Clause: Limit one of each Pok\u00e9mon\n|rule|Item Clause: Limit 1 of each item\n|clearpoke\n|poke|p1|Sneasler, L50, M|\n|poke|p1|Tyranitar, L50, M|\n|poke|p1|Rotom-Wash, L50|\n|poke|p1|Aerodactyl, L50, F|\n|poke|p1|Garchomp, L50, F|\n|poke|p1|Sinistcha-Masterpiece, L50|\n|poke|p2|Aegislash, L50, M|\n|poke|p2|Scovillain, L50, M|\n|poke|p2|Sableye, L50, M|\n|poke|p2|Raichu, L50, F|\n|poke|p2|Gardevoir, L50, M|\n|poke|p2|Milotic, L50, F|\n|teampreview|4\n|inactive|Battle timer is ON: inactive players will automatically lose when time's up. (requested by maskedwolf56)\nmaskedwolf56 rejected open team sheets.\n|\n|t:|1776283470\n|teamsize|p1|4\n|teamsize|p2|4\n|start\n|switch|p1a: Rotom|Rotom-Wash, L50|100/100\n|switch|p1b: Tyranitar|Tyranitar, L50, M|100/100\n|switch|p2a: Scovillain|Scovillain, L50, M|100/100\n|switch|p2b: Raichu|Raichu, L50, F|100/100\n|-ability|p1b: Tyranitar|Unnerve\n|turn|1\n|inactive|maskedwolf56 has 30 seconds left.\n|inactive|maskedwolf56 has 20 seconds left.\n|inactive|maskedwolf56 has 15 seconds left.\n|inactive|maskedwolf56 has 10 seconds left.\n|\n|t:|1776283515\n|detailschange|p1b: Tyranitar|Tyranitar-Mega, L50, M\n|-mega|p1b: Tyranitar|Tyranitar|Tyranitarite\n|-weather|Sandstorm|[from] ability: Sand Stream|[of] p1b: Tyranitar\n|move|p2a: Scovillain|Protect|p2a: Scovillain\n|-singleturn|p2a: Scovillain|Protect\n|move|p2b: Raichu|Fake Out|p1a: Rotom\n|-damage|p1a: Rotom|89/100\n|cant|p1a: Rotom|flinch\n|move|p1b: Tyranitar|High Horsepower|p2b: Raichu\n|-supereffective|p2b: Raichu|1\n|-enditem|p2b: Raichu|Focus Sash\n|-damage|p2b: Raichu|1/100\n|\n|-weather|Sandstorm|[upkeep]\n|-damage|p2b: Raichu|0 fnt|[from] Sandstorm\n|-damage|p1a: Rotom|84/100|[from] Sandstorm\n|-damage|p2a: Scovillain|95/100|[from] Sandstorm\n|faint|p2b: Raichu\n|-ability|p2a: Scovillain|Moody|boost\n|-boost|p2a: Scovillain|spd|2\n|-unboost|p2a: Scovillain|atk|1\n|upkeep\n|\n|t:|1776283535\n|switch|p2b: Aegislash|Aegislash, L50, M|100/100\n|turn|2\n|\n|t:|1776283549\n|detailschange|p2a: Scovillain|Scovillain-Mega, L50, M\n|-mega|p2a: Scovillain|Scovillain|Scovillainite\n|move|p2a: Scovillain|Rage Powder|p2a: Scovillain\n|-singleturn|p2a: Scovillain|move: Rage Powder\n|move|p1a: Rotom|Electroweb|p2a: Scovillain|[spread] p2a,p2b\n|-resisted|p2a: Scovillain|1\n|-damage|p2a: Scovillain|89/100\n|-damage|p2b: Aegislash|84/100\n|-unboost|p2a: Scovillain|spe|1\n|-unboost|p2b: Aegislash|spe|1\n|-status|p1a: Rotom|brn|[from] ability: Spicy Spray|[of] p2a: Scovillain\n|move|p1b: Tyranitar|Knock Off|p2a: Scovillain\n|-damage|p2a: Scovillain|54/100\n|-status|p1b: Tyranitar|brn|[from] ability: Spicy Spray|[of] p2a: Scovillain\n|-formechange|p2b: Aegislash|Aegislash-Blade|\n|move|p2b: Aegislash|Sacred Sword|p1b: Tyranitar\n|-supereffective|p1b: Tyranitar|2\n|-damage|p1b: Tyranitar|0 fnt\n|faint|p1b: Tyranitar\n|\n|-weather|Sandstorm|[upkeep]\n|-damage|p1a: Rotom|78/100 brn|[from] Sandstorm\n|-damage|p2a: Scovillain|48/100|[from] Sandstorm\n|-damage|p1a: Rotom|72/100 brn|[from] brn\n|upkeep\n|\n|t:|1776283563\n|switch|p1b: Garchomp|Garchomp, L50, F|100/100\n|turn|3\n|\n|t:|1776283576\n|move|p2a: Scovillain|Rage Powder|p2a: Scovillain\n|-singleturn|p2a: Scovillain|move: Rage Powder\n|move|p1b: Garchomp|Earthquake|p2a: Scovillain|[spread] p2a,p2b\n|-immune|p1a: Rotom|[from] ability: Levitate\n|-supereffective|p2b: Aegislash|1\n|-damage|p2a: Scovillain|13/100\n|-damage|p2b: Aegislash|0 fnt\n|-status|p1b: Garchomp|brn|[from] ability: Spicy Spray|[of] p2a: Scovillain\n|faint|p2b: Aegislash\n|move|p1a: Rotom|Discharge|p2a: Scovillain|[spread] p2a\n|-immune|p1b: Garchomp\n|-resisted|p2a: Scovillain|1\n|-damage|p2a: Scovillain|4/100\n|\n|-weather|Sandstorm|[upkeep]\n|-damage|p1a: Rotom|67/100 brn|[from] Sandstorm\n|-damage|p2a: Scovillain|0 fnt|[from] Sandstorm\n|faint|p2a: Scovillain\n|-damage|p1b: Garchomp|95/100 brn|[from] brn\n|-damage|p1a: Rotom|61/100 brn|[from] brn\n|upkeep\n|\n|t:|1776283589\n|switch|p2b: Gardevoir|Gardevoir, L50, M|100/100\n|-ability|p2b: Gardevoir|Levitate|Trace|[from] ability: Trace|[of] p1a: Rotom\n|turn|4\n|\n|t:|1776283598\n|move|p1b: Garchomp|Poison Jab|p2b: Gardevoir\n|-supereffective|p2b: Gardevoir|1\n|-crit|p2b: Gardevoir\n|-damage|p2b: Gardevoir|38/100\n|-status|p2b: Gardevoir|psn\n|move|p1a: Rotom|Discharge|p2b: Gardevoir|[spread] p2b\n|-immune|p1b: Garchomp\n|-damage|p2b: Gardevoir|10/100 psn\n|move|p2b: Gardevoir|Psychic|p1a: Rotom\n|-damage|p1a: Rotom|0 fnt\n|faint|p1a: Rotom\n|\n|-weather|Sandstorm|[upkeep]\n|-damage|p2b: Gardevoir|4/100 psn|[from] Sandstorm\n|-damage|p2b: Gardevoir|0 fnt|[from] psn\n|faint|p2b: Gardevoir\n|\n|win|maskedwolf56\n|raw|maskedwolf56's rating: 1102 &rarr; <strong>1129</strong><br />(+27 for winning)\n|raw|TanakoKyoto's rating: 1124 &rarr; <strong>1097</strong><br />(-27 for losing)\n|l|\u2606TanakoKyoto\n|player|p2|\n",
  "uploadtime": 1776283613,
  "views": 17,
  "formatid": "gen9championsvgc2026regma",
  "rating": 1097,
  "private": 0,
  "password": null
}