{
  "id": "gen9championsvgc2026regma-2585145831",
  "format": "[Gen 9 Champions] VGC 2026 Reg M-A",
  "players": [
    "1N2D",
    "LovelyLizardLad"
  ],
  "log": "|j|\u26061N2D\n|j|\u2606LovelyLizardLad\n|t:|1776317366\n|gametype|doubles\n|player|p1|1N2D|hilbert|1296\n|player|p2|LovelyLizardLad|red|1386\n|gen|9\n|tier|[Gen 9 Champions] VGC 2026 Reg M-A\n|rated|\n|rule|Species Clause: Limit one of each Pok\u00e9mon\n|rule|Item Clause: Limit 1 of each item\n|clearpoke\n|poke|p1|Palafin, L50, M|\n|poke|p1|Floette-Eternal, L50, F|\n|poke|p1|Sinistcha, L50|\n|poke|p1|Kingambit, L50, M|\n|poke|p1|Aegislash, L50, F|\n|poke|p1|Dragonite, L50, F|\n|poke|p2|Delphox, L50, F|\n|poke|p2|Basculegion, L50, M|\n|poke|p2|Clefable, L50, F|\n|poke|p2|Kingambit, L50, F|\n|poke|p2|Sneasler, L50, M|\n|poke|p2|Ninetales-Alola, L50, M|\n|teampreview|4\n|\n|t:|1776317401\n|teamsize|p1|4\n|teamsize|p2|4\n|start\n|switch|p1a: Palafin|Palafin, L50, M|100/100\n|switch|p1b: Aegislash|Aegislash, L50, F|100/100\n|switch|p2a: Clefable|Clefable, L50, F|100/100\n|switch|p2b: Kingambit|Kingambit, L50, F|100/100\n|turn|1\n|\n|t:|1776317425\n|detailschange|p1a: Palafin|Palafin-Hero, L50, M\n|switch|p1a: Floette|Floette-Eternal, L50, F|100/100\n|move|p2a: Clefable|Follow Me|p2a: Clefable\n|-singleturn|p2a: Clefable|move: Follow Me\n|-formechange|p1b: Aegislash|Aegislash-Blade|\n|move|p1b: Aegislash|Iron Head|p2a: Clefable\n|-supereffective|p2a: Clefable|1\n|-damage|p2a: Clefable|28/100\n|-enditem|p2a: Clefable|Sitrus Berry|[eat]\n|-heal|p2a: Clefable|53/100|[from] item: Sitrus Berry\n|move|p2b: Kingambit|Swords Dance|p2b: Kingambit\n|-boost|p2b: Kingambit|atk|2\n|\n|upkeep\n|turn|2\n|\n|t:|1776317445\n|detailschange|p1a: Floette|Floette-Mega, L50, F\n|-mega|p1a: Floette|Floette|Floettite\n|-ability|p1a: Floette|Fairy Aura\n|move|p2a: Clefable|Helping Hand|p2b: Kingambit\n|-singleturn|p2b: Kingambit|Helping Hand|[of] p2a: Clefable\n|move|p2b: Kingambit|Sucker Punch|p1a: Floette\n|-resisted|p1a: Floette|1\n|-damage|p1a: Floette|34/100\n|move|p1a: Floette|Dazzling Gleam|p2b: Kingambit|[spread] p2a,p2b\n|-damage|p2a: Clefable|13/100\n|-damage|p2b: Kingambit|54/100\n|move|p1b: Aegislash|Iron Head|p2a: Clefable\n|-supereffective|p2a: Clefable|1\n|-damage|p2a: Clefable|0 fnt\n|faint|p2a: Clefable\n|\n|upkeep\n|\n|t:|1776317456\n|switch|p2a: Sneasler|Sneasler, L50, M|100/100\n|turn|3\n|\n|t:|1776317471\n|move|p1a: Floette|Protect|p1a: Floette\n|-singleturn|p1a: Floette|Protect\n|move|p2b: Kingambit|Sucker Punch|p1b: Aegislash\n|-supereffective|p1b: Aegislash|1\n|-damage|p1b: Aegislash|0 fnt\n|faint|p1b: Aegislash\n|move|p2a: Sneasler|Dire Claw|p1a: Floette\n|-activate|p1a: Floette|move: Protect\n|\n|upkeep\n|\n|t:|1776317480\n|switch|p1b: Palafin|Palafin-Hero, L50, M|100/100\n|-activate|p1b: Palafin|ability: Zero to Hero\n|turn|4\n|\n|t:|1776317494\n|move|p1b: Palafin|Jet Punch|p2b: Kingambit\n|-damage|p2b: Kingambit|20/100\n|move|p2a: Sneasler|Dire Claw|p1a: Floette\n|-supereffective|p1a: Floette|1\n|-crit|p1a: Floette\n|-damage|p1a: Floette|0 fnt\n|faint|p1a: Floette\n|move|p2b: Kingambit|Kowtow Cleave|p1b: Palafin\n|-damage|p1b: Palafin|0 fnt\n|faint|p1b: Palafin\n|\n|upkeep\n|-message|1N2D forfeited.\n|\n|win|LovelyLizardLad\n|raw|1N2D's rating: 1296 &rarr; <strong>1277</strong><br />(-19 for losing)\n|raw|LovelyLizardLad's rating: 1386 &rarr; <strong>1401</strong><br />(+15 for winning)\n|l|\u26061N2D\n|player|p1|\n",
  "uploadtime": 1776317507,
  "views": 44,
  "formatid": "gen9championsvgc2026regma",
  "rating": 1277,
  "private": 0,
  "password": null
}