{
  "id": "gen9championsvgc2026regma-2581588429",
  "format": "[Gen 9 Champions] VGC 2026 Reg M-A",
  "players": [
    "Haechu",
    "1234zaki"
  ],
  "log": "|j|\u2606Haechu\n|j|\u26061234zaki\n|t:|1776013209\n|gametype|doubles\n|player|p1|Haechu|169|1077\n|player|p2|1234zaki|1|1120\n|gen|9\n|tier|[Gen 9 Champions] VGC 2026 Reg M-A\n|rated|\n|rule|Species Clause: Limit one of each Pok\u00e9mon\n|rule|Item Clause: Limit 1 of each item\n|clearpoke\n|poke|p1|Tyranitar, L50, F|\n|poke|p1|Excadrill, L50, M|\n|poke|p1|Corviknight, L50, M|\n|poke|p1|Charizard, L50, F|\n|poke|p1|Venusaur, L50, F|\n|poke|p1|Basculegion, L50, M|\n|poke|p2|Hawlucha, L50, F|\n|poke|p2|Snorlax, L50, F|\n|poke|p2|Mimikyu, L50, F|\n|poke|p2|Basculegion, L50, M|\n|poke|p2|Torkoal, L50, M|\n|poke|p2|Sinistcha, L50|\n|teampreview|4\n|\n|t:|1776013252\n|teamsize|p1|4\n|teamsize|p2|4\n|start\n|switch|p1a: Charizard|Charizard, L50, F|100/100\n|switch|p1b: Venusaur|Venusaur, L50, F|100/100\n|switch|p2a: Hawlucha|Hawlucha, L50, F|100/100\n|switch|p2b: Snorlax|Snorlax, L50, F|100/100\n|turn|1\n|\n|t:|1776013273\n|detailschange|p2a: Hawlucha|Hawlucha-Mega, L50, F\n|-mega|p2a: Hawlucha|Hawlucha|Hawluchanite\n|detailschange|p1a: Charizard|Charizard-Mega-Y, L50, F\n|-mega|p1a: Charizard|Charizard|Charizardite Y\n|-weather|SunnyDay|[from] ability: Drought|[of] p1a: Charizard\n|move|p1b: Venusaur|Sleep Powder|p2a: Hawlucha\n|-status|p2a: Hawlucha|slp|[from] move: Sleep Powder\n|cant|p2a: Hawlucha|slp\n|move|p1a: Charizard|Air Slash|p2a: Hawlucha\n|-supereffective|p2a: Hawlucha|1\n|-damage|p2a: Hawlucha|0 fnt\n|faint|p2a: Hawlucha\n|move|p2b: Snorlax|Fissure|p1b: Venusaur|[miss]\n|-miss|p2b: Snorlax|p1b: Venusaur\n|\n|-weather|SunnyDay|[upkeep]\n|upkeep\n|\n|t:|1776013279\n|switch|p2a: Sinistcha|Sinistcha, L50|100/100\n|turn|2\n|c|\u2606Haechu|seriously?\n|-message|1234zaki forfeited.\n|\n|win|Haechu\n|raw|Haechu's rating: 1077 &rarr; <strong>1109</strong><br />(+32 for winning)\n|raw|1234zaki's rating: 1120 &rarr; <strong>1092</strong><br />(-28 for losing)\n|l|\u26061234zaki\n|player|p2|\n",
  "uploadtime": 1776013298,
  "views": 20,
  "formatid": "gen9championsvgc2026regma",
  "rating": 1092,
  "private": 0,
  "password": null
}