{
  "id": "gen9championsvgc2026regma-2581305057",
  "format": "[Gen 9 Champions] VGC 2026 Reg M-A",
  "players": [
    "morkemon",
    "the great crusader"
  ],
  "log": "|j|\u2606morkemon\n|j|\u2606the great crusader\n|t:|1775984096\n|gametype|doubles\n|player|p1|morkemon|biker-gen4|1069\n|player|p2|the great crusader|plasmagrunt|1112\n|gen|9\n|tier|[Gen 9 Champions] VGC 2026 Reg M-A\n|rated|\n|rule|Species Clause: Limit one of each Pok\u00e9mon\n|rule|Item Clause: Limit 1 of each item\n|clearpoke\n|poke|p1|Krookodile, L50, F|\n|poke|p1|Froslass, L50, F|\n|poke|p1|Tauros-Paldea-Aqua, L50, M|\n|poke|p1|Pelipper, L50, M|\n|poke|p1|Farigiraf, L50, M|\n|poke|p1|Sinistcha, L50|\n|poke|p2|Pelipper, L50, M|\n|poke|p2|Starmie, L50|\n|poke|p2|Sneasler, L50, M|\n|poke|p2|Archaludon, L50, F|\n|poke|p2|Sylveon, L50, M|\n|poke|p2|Garchomp, L50, M|\n|teampreview|4\n|\n|t:|1775984127\n|teamsize|p1|4\n|teamsize|p2|4\n|start\n|switch|p1a: The Dile|Krookodile, L50, F|100/100\n|switch|p1b: Im gonna mega|Froslass, L50, F|100/100\n|switch|p2a: Archaludon|Archaludon, L50, F|100/100\n|switch|p2b: Sylveon|Sylveon, L50, M|100/100\n|turn|1\n|\n|t:|1775984141\n|move|p1b: Im gonna mega|Frost Breath|p1a: The Dile\n|-supereffective|p1a: The Dile|1\n|-crit|p1a: The Dile\n|-enditem|p1a: The Dile|Yache Berry|[eat]\n|-enditem|p1a: The Dile|Yache Berry|[weaken]\n|-damage|p1a: The Dile|67/100\n|-setboost|p1a: The Dile|atk|6|[from] ability: Anger Point\n|move|p1a: The Dile|High Horsepower|p2a: Archaludon\n|-supereffective|p2a: Archaludon|1\n|-damage|p2a: Archaludon|0 fnt\n|faint|p2a: Archaludon\n|move|p2b: Sylveon|Hyper Voice|p1b: Im gonna mega|[spread] p1a,p1b\n|-supereffective|p1a: The Dile|1\n|-damage|p1a: The Dile|0 fnt\n|-damage|p1b: Im gonna mega|19/100\n|faint|p1a: The Dile\n|\n|upkeep\n|\n|t:|1775984156\n|switch|p1a: Tam Tam|Tauros-Paldea-Aqua, L50, M|100/100\n|switch|p2a: Starmie|Starmie, L50|100/100\n|turn|2\n|c|\u2606the great crusader|Wait that's hilarious\n|c|\u2606the great crusader|I like that set\n|\n|t:|1775984181\n|detailschange|p2a: Starmie|Starmie-Mega, L50\n|-mega|p2a: Starmie|Starmie|Starminite\n|move|p1b: Im gonna mega|Frost Breath|p1a: Tam Tam\n|-resisted|p1a: Tam Tam|1\n|-crit|p1a: Tam Tam\n|-damage|p1a: Tam Tam|81/100\n|-setboost|p1a: Tam Tam|atk|6|[from] ability: Anger Point\n|move|p2a: Starmie|Liquidation|p1b: Im gonna mega\n|-damage|p1b: Im gonna mega|0 fnt\n|faint|p1b: Im gonna mega\n|move|p1a: Tam Tam|Raging Bull|p2b: Sylveon\n|-damage|p2b: Sylveon|0 fnt\n|faint|p2b: Sylveon\n|\n|upkeep\n|c|\u2606morkemon|thanks\n|c|\u2606morkemon|krookodile is a new addition\n|\n|t:|1775984204\n|switch|p1b: Performative Male|Sinistcha, L50|100/100\n|switch|p2b: Pelipper|Pelipper, L50, M|100/100\n|-weather|RainDance|[from] ability: Drizzle|[of] p2b: Pelipper\n|-heal|p1a: Tam Tam|100/100|[from] ability: Hospitality|[of] p1b: Performative Male\n|turn|3\n|\n|t:|1775984219\n|move|p1b: Performative Male|Rage Powder|p1b: Performative Male\n|-singleturn|p1b: Performative Male|move: Rage Powder\n|move|p2a: Starmie|Psycho Cut|p1b: Performative Male\n|-damage|p1b: Performative Male|36/100\n|move|p1a: Tam Tam|Raging Bull|p2a: Starmie\n|-resisted|p2a: Starmie|1\n|-damage|p2a: Starmie|0 fnt\n|faint|p2a: Starmie\n|move|p2b: Pelipper|Hurricane|p1b: Performative Male\n|-supereffective|p1b: Performative Male|1\n|-damage|p1b: Performative Male|0 fnt\n|faint|p1b: Performative Male\n|\n|-weather|RainDance|[upkeep]\n|upkeep\n|turn|4\n|\n|t:|1775984231\n|move|p1a: Tam Tam|Raging Bull|p2b: Pelipper\n|-resisted|p2b: Pelipper|1\n|-enditem|p2b: Pelipper|Focus Sash\n|-damage|p2b: Pelipper|1/100\n|move|p2b: Pelipper|Hurricane|p1a: Tam Tam\n|-supereffective|p1a: Tam Tam|1\n|-damage|p1a: Tam Tam|0 fnt\n|faint|p1a: Tam Tam\n|\n|win|the great crusader\n|raw|morkemon's rating: 1069 &rarr; <strong>1051</strong><br />(-18 for losing)\n|raw|the great crusader's rating: 1112 &rarr; <strong>1134</strong><br />(+22 for winning)\n|c|\u2606morkemon|oof\n|c|\u2606morkemon|ggs\n|c|\u2606the great crusader|gg\n|l|\u2606morkemon\n|player|p1|\n",
  "uploadtime": 1775984252,
  "views": 32,
  "formatid": "gen9championsvgc2026regma",
  "rating": 1051,
  "private": 0,
  "password": null
}