{
  "id": "gen9championsvgc2026regma-2587564841",
  "format": "[Gen 9 Champions] VGC 2026 Reg M-A",
  "players": [
    "pikacon999",
    "awaouifbbBBB"
  ],
  "log": "|j|\u2606pikacon999\n|j|\u203dawaouifbbBBB\n|t:|1776542713\n|gametype|doubles\n|player|p1|pikacon999|dawn|1040\n|player|p2|awaouifbbBBB|2|1090\n|gen|9\n|tier|[Gen 9 Champions] VGC 2026 Reg M-A\n|rated|\n|rule|Species Clause: Limit one of each Pok\u00e9mon\n|rule|Item Clause: Limit 1 of each item\n|clearpoke\n|poke|p1|Charizard, L50, M|\n|poke|p1|Whimsicott, L50, F|\n|poke|p1|Garchomp, L50, F|\n|poke|p1|Rotom-Wash, L50|\n|poke|p1|Venusaur, L50, F|\n|poke|p1|Incineroar, L50, M|\n|poke|p2|Meganium, L50, M|\n|poke|p2|Kangaskhan, L50, F|\n|poke|p2|Aerodactyl, L50, F|\n|poke|p2|Archaludon, L50, M|\n|poke|p2|Typhlosion-Hisui, L50, M|\n|poke|p2|Tauros-Paldea-Aqua, L50, M|\n|teampreview|4\npikacon999 rejected open team sheets.\n|inactive|Battle timer is ON: inactive players will automatically lose when time's up. (requested by awaouifbbBBB)\n|\n|t:|1776542788\n|teamsize|p1|4\n|teamsize|p2|4\n|start\n|switch|p1a: Charizard|Charizard, L50, M|100/100\n|switch|p1b: Venusaur|Venusaur, L50, F|100/100\n|switch|p2a: Aerodactyl|Aerodactyl, L50, F|100/100\n|switch|p2b: Archaludon|Archaludon, L50, M|100/100\n|-ability|p2a: Aerodactyl|Unnerve\n|turn|1\n|inactive|pikacon999 has 30 seconds left.\n|inactive|awaouifbbBBB has 30 seconds left.\n|\n|t:|1776542818\n|detailschange|p1a: Charizard|Charizard-Mega-Y, L50, M\n|-mega|p1a: Charizard|Charizard|Charizardite Y\n|-weather|SunnyDay|[from] ability: Drought|[of] p1a: Charizard\n|move|p1b: Venusaur|Sleep Powder|p2a: Aerodactyl\n|-status|p2a: Aerodactyl|slp|[from] move: Sleep Powder\n|cant|p2a: Aerodactyl|slp\n|move|p2b: Archaludon|Draco Meteor|p1a: Charizard|[miss]\n|-miss|p2b: Archaludon|p1a: Charizard\n|move|p1a: Charizard|Heat Wave|p2b: Archaludon|[spread] p2a,p2b\n|-resisted|p2a: Aerodactyl|1\n|-damage|p2a: Aerodactyl|53/100 slp\n|-damage|p2b: Archaludon|11/100\n|\n|-weather|SunnyDay|[upkeep]\n|upkeep\n|turn|2\n|inactive|pikacon999 has 30 seconds left.\n|\n|t:|1776542848\n|switch|p2a: Typhlosion|Typhlosion-Hisui, L50, M|100/100\n|-item|p1a: Charizard|Charizardite Y|[from] ability: Frisk|[of] p2a: Typhlosion\n|-item|p1b: Venusaur|Poison Barb|[from] ability: Frisk|[of] p2a: Typhlosion\n|move|p1b: Venusaur|Solar Beam||[still]\n|-prepare|p1b: Venusaur|Solar Beam\n|-anim|p1b: Venusaur|Solar Beam|p2a: Typhlosion\n|-resisted|p2a: Typhlosion|1\n|-damage|p2a: Typhlosion|66/100\n|move|p2b: Archaludon|Draco Meteor|p1a: Charizard\n|-damage|p1a: Charizard|25/100\n|-unboost|p2b: Archaludon|spa|2\n|move|p1a: Charizard|Heat Wave|p2b: Archaludon|[spread] p2a,p2b\n|-resisted|p2a: Typhlosion|1\n|-damage|p2a: Typhlosion|20/100\n|-damage|p2b: Archaludon|0 fnt\n|faint|p2b: Archaludon\n|\n|-weather|SunnyDay|[upkeep]\n|upkeep\n|\n|t:|1776542866\n|switch|p2b: Aerodactyl|Aerodactyl, L50, F|53/100 slp\n|-ability|p2b: Aerodactyl|Unnerve\n|turn|3\n|inactive|pikacon999 has 30 seconds left.\n|\n|t:|1776542891\n|move|p1b: Venusaur|Sleep Powder|p2a: Typhlosion\n|-status|p2a: Typhlosion|slp|[from] move: Sleep Powder\n|cant|p2a: Typhlosion|slp\n|-curestatus|p2b: Aerodactyl|slp|[msg]\n|move|p2b: Aerodactyl|Tailwind|p2b: Aerodactyl\n|-sidestart|p2: awaouifbbBBB|move: Tailwind\n|move|p1a: Charizard|Solar Beam||[still]\n|-prepare|p1a: Charizard|Solar Beam\n|-anim|p1a: Charizard|Solar Beam|p2b: Aerodactyl\n|-damage|p2b: Aerodactyl|0 fnt\n|faint|p2b: Aerodactyl\n|\n|-weather|SunnyDay|[upkeep]\n|upkeep\n|\n|t:|1776542904\n|switch|p2b: Meganium|Meganium, L50, M|100/100\n|turn|4\n|\n|t:|1776542929\n|cant|p2a: Typhlosion|slp\n|move|p1b: Venusaur|Sludge Bomb|p2a: Typhlosion\n|-resisted|p2a: Typhlosion|1\n|-damage|p2a: Typhlosion|0 fnt\n|faint|p2a: Typhlosion\n|move|p2b: Meganium|Weather Ball|p1a: Charizard\n|-resisted|p1a: Charizard|1\n|-damage|p1a: Charizard|6/100\n|move|p1a: Charizard|Weather Ball|p2b: Meganium\n|-supereffective|p2b: Meganium|1\n|-damage|p2b: Meganium|0 fnt\n|faint|p2b: Meganium\n|\n|win|pikacon999\n|raw|pikacon999's rating: 1040 &rarr; <strong>1079</strong><br />(+39 for winning)\n|raw|awaouifbbBBB's rating: 1090 &rarr; <strong>1063</strong><br />(-27 for losing)\n",
  "uploadtime": 1776542941,
  "views": 17,
  "formatid": "gen9championsvgc2026regma",
  "rating": 1063,
  "private": 0,
  "password": null
}