{
  "id": "gen9championsvgc2026regma-2584233867",
  "format": "[Gen 9 Champions] VGC 2026 Reg M-A",
  "players": [
    "refed",
    "DeDonutNoob"
  ],
  "log": "|j|\u2606refed\n|j|\u2606DeDonutNoob\n|t:|1776241351\n|gametype|doubles\n|player|p1|refed|102|1080\n|player|p2|DeDonutNoob|101|1175\n|gen|9\n|tier|[Gen 9 Champions] VGC 2026 Reg M-A\n|rated|\n|rule|Species Clause: Limit one of each Pok\u00e9mon\n|rule|Item Clause: Limit 1 of each item\n|clearpoke\n|poke|p1|Glimmora, L50, F|\n|poke|p1|Talonflame, L50, F|\n|poke|p1|Rotom-Mow, L50|\n|poke|p1|Gyarados, L50, M|\n|poke|p1|Maushold, L50|\n|poke|p1|Mamoswine, L50, M|\n|poke|p2|Aerodactyl, L50, F|\n|poke|p2|Charizard, L50, M|\n|poke|p2|Venusaur, L50, F|\n|poke|p2|Aegislash, L50, M|\n|poke|p2|Sneasler, L50, M|\n|poke|p2|Milotic, L50, M|\n|teampreview|4\n|\n|t:|1776241386\n|teamsize|p1|4\n|teamsize|p2|4\n|start\n|switch|p1a: Talonflame|Talonflame, L50, F|100/100\n|switch|p1b: Glimmora|Glimmora, L50, F|100/100\n|switch|p2a: Charizard|Charizard, L50, M|100/100\n|switch|p2b: Venusaur|Venusaur, L50, F|100/100\n|turn|1\n|\n|t:|1776241395\n|move|p2a: Charizard|Protect|p2a: Charizard\n|-singleturn|p2a: Charizard|Protect\n|move|p1a: Talonflame|Tailwind|p1a: Talonflame\n|-sidestart|p1: refed|move: Tailwind\n|move|p1b: Glimmora|Power Gem|p2a: Charizard\n|-activate|p2a: Charizard|move: Protect\n|move|p2b: Venusaur|Sleep Powder|p1a: Talonflame|[miss]\n|-miss|p2b: Venusaur|p1a: Talonflame\n|\n|upkeep\n|turn|2\n|\n|t:|1776241410\n|switch|p2a: Aegislash|Aegislash, L50, M|100/100\n|detailschange|p1b: Glimmora|Glimmora-Mega, L50, F\n|-mega|p1b: Glimmora|Glimmora|Glimmoranite\n|move|p1a: Talonflame|Flare Blitz|p2b: Venusaur\n|-supereffective|p2b: Venusaur|1\n|-crit|p2b: Venusaur\n|-enditem|p2b: Venusaur|Focus Sash\n|-damage|p2b: Venusaur|1/100\n|-damage|p1a: Talonflame|67/100|[from] Recoil\n|move|p1b: Glimmora|Sludge Bomb|p2b: Venusaur\n|-damage|p2b: Venusaur|0 fnt\n|faint|p2b: Venusaur\n|\n|upkeep\n|\n|t:|1776241422\n|switch|p2b: Aerodactyl|Aerodactyl, L50, F|100/100\n|turn|3\n|\n|t:|1776241435\n|move|p1a: Talonflame|Flare Blitz|p2a: Aegislash\n|-supereffective|p2a: Aegislash|1\n|-damage|p2a: Aegislash|25/100\n|-damage|p1a: Talonflame|41/100|[from] Recoil\n|move|p1b: Glimmora|Power Gem|p2b: Aerodactyl\n|-supereffective|p2b: Aerodactyl|1\n|-damage|p2b: Aerodactyl|0 fnt\n|faint|p2b: Aerodactyl\n|-formechange|p2a: Aegislash|Aegislash-Blade|\n|move|p2a: Aegislash|Iron Head|p1b: Glimmora\n|-supereffective|p1b: Glimmora|1\n|-damage|p1b: Glimmora|20/100\n|\n|upkeep\n|-message|DeDonutNoob forfeited.\n|\n|win|refed\n|raw|refed's rating: 1080 &rarr; <strong>1115</strong><br />(+35 for winning)\n|raw|DeDonutNoob's rating: 1175 &rarr; <strong>1143</strong><br />(-32 for losing)\n",
  "uploadtime": 1776241446,
  "views": 19,
  "formatid": "gen9championsvgc2026regma",
  "rating": 1115,
  "private": 0,
  "password": null
}