{
  "id": "gen9championsvgc2026regma-2584044080",
  "format": "[Gen 9 Champions] VGC 2026 Reg M-A",
  "players": [
    "superboy245",
    "losertest"
  ],
  "log": "|j|\u2606superboy245\n|j|\u2606losertest\n|t:|1776219612\n|gametype|doubles\n|player|p1|superboy245|buck|1248\n|player|p2|losertest|infielder|1324\n|gen|9\n|tier|[Gen 9 Champions] VGC 2026 Reg M-A\n|rated|\n|rule|Species Clause: Limit one of each Pok\u00e9mon\n|rule|Item Clause: Limit 1 of each item\n|clearpoke\n|poke|p1|Greninja-*, L50, M|\n|poke|p1|Politoed, L50, M|\n|poke|p1|Basculegion, L50, M|\n|poke|p1|Lucario, L50, M|\n|poke|p1|Sinistcha, L50|\n|poke|p1|Toxicroak, L50, M|\n|poke|p2|Gengar, L50, M|\n|poke|p2|Incineroar, L50, M|\n|poke|p2|Floette-Eternal, L50, F|\n|poke|p2|Whimsicott, L50, M|\n|poke|p2|Politoed, L50, F|\n|poke|p2|Kommo-o, L50, M|\n|teampreview|4\nsuperboy245 rejected open team sheets.\n|inactive|Battle timer is ON: inactive players will automatically lose when time's up. (requested by superboy245)\n|\n|t:|1776219681\n|teamsize|p1|4\n|teamsize|p2|4\n|start\n|switch|p1a: Greninja|Greninja, L50, M|100/100\n|switch|p1b: Lucario|Lucario, L50, M|100/100\n|switch|p2a: Floette|Floette-Eternal, L50, F|100/100\n|switch|p2b: Whimsicott|Whimsicott, L50, M|100/100\n|turn|1\n|inactive|superboy245 has 30 seconds left.\n|inactive|superboy245 has 20 seconds left.\n|\n|t:|1776219717\n|switch|p1a: Politoed|Politoed, L50, M|100/100\n|-weather|RainDance|[from] ability: Drizzle|[of] p1a: Politoed\n|detailschange|p2a: Floette|Floette-Mega, L50, F\n|-mega|p2a: Floette|Floette|Floettite\n|-ability|p2a: Floette|Fairy Aura\n|detailschange|p1b: Lucario|Lucario-Mega, L50, M\n|-mega|p1b: Lucario|Lucario|Lucarionite\n|move|p2b: Whimsicott|Tailwind|p2b: Whimsicott\n|-sidestart|p2: losertest|move: Tailwind\n|move|p2a: Floette|Dazzling Gleam|p1a: Politoed|[spread] p1a,p1b\n|-damage|p1a: Politoed|72/100\n|-damage|p1b: Lucario|35/100\n|move|p1b: Lucario|Meteor Mash|p2a: Floette\n|-supereffective|p2a: Floette|1\n|-damage|p2a: Floette|0 fnt\n|-boost|p1b: Lucario|atk|1\n|faint|p2a: Floette\n|\n|-weather|RainDance|[upkeep]\n|upkeep\n|\n|t:|1776219740\n|switch|p2a: Kommo-o|Kommo-o, L50, M|100/100\n|turn|2\n|\n|t:|1776219756\n|move|p1b: Lucario|Protect|p1b: Lucario\n|-singleturn|p1b: Lucario|Protect\n|move|p2b: Whimsicott|Moonblast|p1b: Lucario\n|-activate|p1b: Lucario|move: Protect\n|move|p2a: Kommo-o|Clanging Scales|p1a: Politoed|[spread] p1a\n|-activate|p1b: Lucario|move: Protect\n|-damage|p1a: Politoed|38/100\n|-enditem|p1a: Politoed|Sitrus Berry|[eat]\n|-heal|p1a: Politoed|63/100|[from] item: Sitrus Berry\n|-unboost|p2a: Kommo-o|def|1\n|move|p1a: Politoed|Ice Beam|p2a: Kommo-o\n|-supereffective|p2a: Kommo-o|1\n|-damage|p2a: Kommo-o|53/100\n|\n|-weather|RainDance|[upkeep]\n|upkeep\n|turn|3\n|\n|t:|1776219777\n|move|p1b: Lucario|Bullet Punch|p2a: Kommo-o\n|-damage|p2a: Kommo-o|0 fnt\n|faint|p2a: Kommo-o\n|move|p2b: Whimsicott|Moonblast|p1b: Lucario\n|-damage|p1b: Lucario|0 fnt\n|faint|p1b: Lucario\n|move|p1a: Politoed|Ice Beam|p2b: Whimsicott\n|-supereffective|p2b: Whimsicott|1\n|-damage|p2b: Whimsicott|28/100\n|\n|-weather|RainDance|[upkeep]\n|upkeep\n|-message|losertest forfeited.\n|\n|win|superboy245\n|raw|superboy245's rating: 1248 &rarr; <strong>1278</strong><br />(+30 for winning)\n|raw|losertest's rating: 1324 &rarr; <strong>1300</strong><br />(-24 for losing)\n|l|\u2606losertest\n|player|p2|\n",
  "uploadtime": 1776219797,
  "views": 38,
  "formatid": "gen9championsvgc2026regma",
  "rating": 1278,
  "private": 0,
  "password": null
}