{
  "id": "gen9championsvgc2026regma-2587032004",
  "format": "[Gen 9 Champions] VGC 2026 Reg M-A",
  "players": [
    "fluttim man",
    "minjaneb"
  ],
  "log": "|j|\u2606fluttim man\n|j|\u2606minjaneb\n|t:|1776483248\n|gametype|doubles\n|player|p1|fluttim man|#smogonxnpa2025draftee|1265\n|player|p2|minjaneb|170|1163\n|gen|9\n|tier|[Gen 9 Champions] VGC 2026 Reg M-A\n|rated|\n|rule|Species Clause: Limit one of each Pok\u00e9mon\n|rule|Item Clause: Limit 1 of each item\n|clearpoke\n|poke|p1|Delphox, L50, M|\n|poke|p1|Kingambit, L50, F|\n|poke|p1|Sneasler, L50, F|\n|poke|p1|Basculegion, L50, M|\n|poke|p1|Clefable, L50, M|\n|poke|p1|Ninetales-Alola, L50, M|\n|poke|p2|Froslass, L50, F|\n|poke|p2|Rotom-Frost, L50|\n|poke|p2|Milotic, L50, F|\n|poke|p2|Klefki, L50, F|\n|poke|p2|Scizor, L50, M|\n|poke|p2|Whimsicott, L50, M|\n|teampreview|4\n|inactive|Battle timer is ON: inactive players will automatically lose when time's up. (requested by fluttim man)\n|inactive|minjaneb has 60 seconds left.\n|\n|t:|1776483305\n|teamsize|p1|4\n|teamsize|p2|4\n|start\n|switch|p1a: Delphox|Delphox, L50, M, shiny|100/100\n|switch|p1b: Clefable|Clefable, L50, M, shiny|100/100\n|switch|p2a: Froslass|Froslass, L50, F|100/100\n|switch|p2b: Scizor|Scizor, L50, M|100/100\n|turn|1\n|\n|t:|1776483325\n|detailschange|p1a: Delphox|Delphox-Mega, L50, M, shiny\n|-mega|p1a: Delphox|Delphox|Delphoxite\n|detailschange|p2a: Froslass|Froslass-Mega, L50, F\n|-mega|p2a: Froslass|Froslass|Froslassite\n|-weather|Snowscape|[from] ability: Snow Warning|[of] p2a: Froslass\n|move|p1b: Clefable|Helping Hand|p1a: Delphox\n|-singleturn|p1a: Delphox|Helping Hand|[of] p1b: Clefable\n|move|p1a: Delphox|Heat Wave|p2b: Scizor|[spread] p2a,p2b\n|-supereffective|p2a: Froslass|1\n|-supereffective|p2b: Scizor|2\n|-damage|p2a: Froslass|0 fnt\n|-damage|p2b: Scizor|0 fnt\n|faint|p2a: Froslass\n|faint|p2b: Scizor\n|\n|-weather|Snowscape|[upkeep]\n|upkeep\n|-message|minjaneb forfeited.\n|\n|win|fluttim man\n|raw|fluttim man's rating: 1265 &rarr; <strong>1283</strong><br />(+18 for winning)\n|raw|minjaneb's rating: 1163 &rarr; <strong>1145</strong><br />(-18 for losing)\n|l|\u2606minjaneb\n|player|p2|\n",
  "uploadtime": 1776483336,
  "views": 42,
  "formatid": "gen9championsvgc2026regma",
  "rating": 1145,
  "private": 0,
  "password": null
}