{
  "id": "gen9championsvgc2026regma-2588376893",
  "format": "[Gen 9 Champions] VGC 2026 Reg M-A",
  "players": [
    "Xcremento",
    "sdlt 2krl coolguy"
  ],
  "log": "|raw|<div class=\"broadcast-blue\"><strong>This battle is required to be public due to a player having a name starting with 'sdlt'.</div>\n|j|\u2606Xcremento\n|j|\u2606sdlt 2krl coolguy\n|t:|1776628411\n|gametype|doubles\n|player|p1|Xcremento|supernerd|1230\n|player|p2|sdlt 2krl coolguy|leon-masters2|1322\n|gen|9\n|tier|[Gen 9 Champions] VGC 2026 Reg M-A\n|rated|\n|rule|Species Clause: Limit one of each Pok\u00e9mon\n|rule|Item Clause: Limit 1 of each item\n|clearpoke\n|poke|p1|Arcanine, L50, M|\n|poke|p1|Tyranitar, L50, M|\n|poke|p1|Excadrill, L50, M|\n|poke|p1|Whimsicott, L50, F|\n|poke|p1|Basculegion, L50, M|\n|poke|p1|Glimmora, L50, F, shiny|\n|poke|p2|Floette-Eternal, L50, F|\n|poke|p2|Incineroar, L50, M|\n|poke|p2|Sinistcha, L50|\n|poke|p2|Garchomp, L50, F|\n|poke|p2|Sneasler, L50, F|\n|poke|p2|Kingambit, L50, F|\n|teampreview|4\n|inactive|Battle timer is ON: inactive players will automatically lose when time's up. (requested by sdlt 2krl coolguy)\n|\n|t:|1776628444\n|teamsize|p1|4\n|teamsize|p2|4\n|start\n|switch|p1a: Basculegion|Basculegion, L50, M|100/100\n|switch|p1b: Arcanine|Arcanine, L50, M|100/100\n|switch|p2a: Incineroar|Incineroar, L50, M|100/100\n|switch|p2b: Garchomp|Garchomp, L50, F|100/100\n|-ability|p1b: Arcanine|Intimidate|boost\n|-unboost|p2a: Incineroar|atk|1\n|-unboost|p2b: Garchomp|atk|1\n|-ability|p2a: Incineroar|Intimidate|boost\n|-unboost|p1a: Basculegion|atk|1\n|-unboost|p1b: Arcanine|atk|1\n|turn|1\n|\n|t:|1776628463\n|switch|p2a: Sinistcha|Sinistcha, L50|100/100\n|move|p1b: Arcanine|Protect|p1b: Arcanine\n|-singleturn|p1b: Arcanine|Protect\n|move|p1a: Basculegion|Flip Turn|p2a: Sinistcha\n|-resisted|p2a: Sinistcha|1\n|-damage|p2a: Sinistcha|88/100\n|\n|t:|1776628478\n|switch|p1a: Excadrill|Excadrill, L50, M|100/100|[from] Flip Turn\n|move|p2b: Garchomp|Stomping Tantrum|p1b: Arcanine\n|-activate|p1b: Arcanine|move: Protect\n|\n|upkeep\n|turn|2\n|\n|t:|1776628493\n|switch|p2b: Incineroar|Incineroar, L50, M|100/100\n|-ability|p2b: Incineroar|Intimidate|boost\n|-unboost|p1a: Excadrill|atk|1\n|-unboost|p1b: Arcanine|atk|1\n|move|p1a: Excadrill|Protect|p1a: Excadrill\n|-singleturn|p1a: Excadrill|Protect\n|move|p1b: Arcanine|Will-O-Wisp|p2b: Incineroar\n|-immune|p2b: Incineroar\n|move|p2a: Sinistcha|Matcha Gotcha|p1a: Excadrill|[spread] p1b\n|-activate|p1a: Excadrill|move: Protect\n|-resisted|p1b: Arcanine|1\n|-damage|p1b: Arcanine|89/100\n|-heal|p2a: Sinistcha|95/100|[from] drain|[of] p1b: Arcanine\n|\n|-heal|p1b: Arcanine|95/100|[from] item: Leftovers\n|upkeep\n|turn|3\n|\n|t:|1776628515\n|switch|p1a: Basculegion|Basculegion, L50, M|100/100\n|move|p1b: Arcanine|Burn Up|p2a: Sinistcha\n|-supereffective|p2a: Sinistcha|1\n|-damage|p2a: Sinistcha|14/100\n|-start|p1b: Arcanine|typechange|???|[from] move: Burn Up\n|-enditem|p2a: Sinistcha|Sitrus Berry|[eat]\n|-heal|p2a: Sinistcha|39/100|[from] item: Sitrus Berry\n|move|p2a: Sinistcha|Matcha Gotcha|p1a: Basculegion|[spread] p1a,p1b\n|-supereffective|p1a: Basculegion|1\n|-damage|p1a: Basculegion|45/100\n|-heal|p2a: Sinistcha|69/100|[from] drain|[of] p1a: Basculegion\n|-damage|p1b: Arcanine|70/100\n|-heal|p2a: Sinistcha|83/100|[from] drain|[of] p1b: Arcanine\n|move|p2b: Incineroar|Parting Shot|p1a: Basculegion\n|-unboost|p1a: Basculegion|atk|1\n|-unboost|p1a: Basculegion|spa|1\n|-message|Xcremento forfeited.\n|\n|win|sdlt 2krl coolguy\n|raw|Xcremento's rating: 1230 &rarr; <strong>1211</strong><br />(-19 for losing)\n|raw|sdlt 2krl coolguy's rating: 1322 &rarr; <strong>1337</strong><br />(+15 for winning)\n",
  "uploadtime": 1776628531,
  "views": 13,
  "formatid": "gen9championsvgc2026regma",
  "rating": 1211,
  "private": 0,
  "password": null
}