{
  "id": "gen9championsvgc2026regma-2584782799",
  "format": "[Gen 9 Champions] VGC 2026 Reg M-A",
  "players": [
    "pizzapete2006",
    "StrengPengu"
  ],
  "log": "|j|\u2606pizzapete2006\n|j|\u2606StrengPengu\n|html|<table width=\"100%\"><tr><td align=\"left\">pizzapete2006</td><td align=\"right\">StrengPengu</tr><tr><td align=\"left\"><i class=\"fa fa-circle-o\"></i> <i class=\"fa fa-circle-o\"></i> </td><td align=\"right\"><i class=\"fa fa-circle-o\"></i> <i class=\"fa fa-circle\"></i> </tr></table>\n|uhtml|bestof|<h2><strong>Game 2</strong> of <a href=\"/game-bestof3-gen9championsvgc2026regma-2584778203\">a best-of-3</a></h2>\n|t:|1776283314\n|gametype|doubles\n|player|p1|pizzapete2006|1|\n|player|p2|StrengPengu|ivor|\n|gen|9\n|tier|[Gen 9 Champions] VGC 2026 Reg M-A\n|rule|Species Clause: Limit one of each Pok\u00e9mon\n|rule|Item Clause: Limit 1 of each item\n|raw|<div class=\"infobox\"><details class=\"readmore\" open><summary><strong>1 custom rule:</strong></summary> Best of = 3</details></div>\n|clearpoke\n|poke|p1|Floette-Eternal, L50, F|\n|poke|p1|Maushold, L50|\n|poke|p1|Corviknight, L50, F|\n|poke|p1|Glimmora, L50, M|\n|poke|p1|Basculegion, L50, M|\n|poke|p1|Talonflame, L50, M|\n|poke|p2|Torkoal, L50, F|\n|poke|p2|Farigiraf, L50, M|\n|poke|p2|Golurk, L50|\n|poke|p2|Gardevoir, L50, F|\n|poke|p2|Kingambit, L50, M|\n|poke|p2|Rotom-Wash, L50|\n|teampreview|4\n|inactive|Battle timer is ON: inactive players will automatically lose when time's up. (requested by StrengPengu)\n|j| AlexVaz001\npizzapete2006 has agreed to open team sheets.\n|\n|t:|1776283341\n|teamsize|p1|4\n|teamsize|p2|4\n|start\n|switch|p1a: Floette|Floette-Eternal, L50, F|100/100\n|switch|p1b: Maushold|Maushold, L50|100/100\n|switch|p2a: Farigiraf|Farigiraf, L50, M|100/100\n|switch|p2b: Gardevoir|Gardevoir, L50, F|100/100\n|-ability|p2b: Gardevoir|Friend Guard|Trace|[from] ability: Trace|[of] p1b: Maushold\n|turn|1\n|inactive|pizzapete2006 has 30 seconds left.\n|\n|t:|1776283371\n|detailschange|p1a: Floette|Floette-Mega, L50, F\n|-mega|p1a: Floette|Floette|Floettite\n|-ability|p1a: Floette|Fairy Aura\n|move|p2b: Gardevoir|Protect|p2b: Gardevoir\n|-singleturn|p2b: Gardevoir|Protect\n|move|p1b: Maushold|Super Fang|p2a: Farigiraf\n|-damage|p2a: Farigiraf|51/100\n|move|p1a: Floette|Dazzling Gleam|p2b: Gardevoir|[spread] p2a\n|-activate|p2b: Gardevoir|move: Protect\n|-damage|p2a: Farigiraf|14/100\n|-enditem|p2a: Farigiraf|Sitrus Berry|[eat]\n|-heal|p2a: Farigiraf|39/100|[from] item: Sitrus Berry\n|move|p2a: Farigiraf|Trick Room|p2a: Farigiraf\n|-fieldstart|move: Trick Room|[of] p2a: Farigiraf\n|\n|upkeep\n|turn|2\n|inactive|pizzapete2006 has 30 seconds left.\n|\n|t:|1776283399\n|detailschange|p2b: Gardevoir|Gardevoir-Mega, L50, F\n|-mega|p2b: Gardevoir|Gardevoir|Gardevoirite\n|move|p1b: Maushold|Helping Hand|p1a: Floette\n|-singleturn|p1a: Floette|Helping Hand|[of] p1b: Maushold\n|move|p2a: Farigiraf|Psychic|p1a: Floette\n|-damage|p1a: Floette|72/100\n|move|p2b: Gardevoir|Hyper Voice|p1a: Floette|[spread] p1a,p1b\n|-damage|p1a: Floette|21/100\n|-damage|p1b: Maushold|3/100\n|-enditem|p1b: Maushold|Sitrus Berry|[eat]\n|-heal|p1b: Maushold|28/100|[from] item: Sitrus Berry\n|move|p1a: Floette|Dazzling Gleam|p2b: Gardevoir|[spread] p2a,p2b\n|-crit|p2a: Farigiraf\n|-crit|p2b: Gardevoir\n|-damage|p2a: Farigiraf|0 fnt\n|-damage|p2b: Gardevoir|23/100\n|faint|p2a: Farigiraf\n|\n|upkeep\n|c|\u2606StrengPengu|oh its a roll\n|\n|t:|1776283415\n|switch|p2a: Torkoal|Torkoal, L50, F|100/100\n|-weather|SunnyDay|[from] ability: Drought|[of] p2a: Torkoal\n|turn|3\n|inactive|pizzapete2006 has 30 seconds left.\n|inactive|pizzapete2006 has 20 seconds left.\n|inactive|pizzapete2006 has 15 seconds left.\n|inactive|pizzapete2006 has 10 seconds left.\n|inactive|pizzapete2006 has 5 seconds left.\n|c|\u2606StrengPengu|i thought it would ohko the maus and double ko the flower\n|\n|t:|1776283469\n|switch|p2b: Kingambit|Kingambit, L50, M|100/100\n|move|p1b: Maushold|Protect|p1b: Maushold\n|-singleturn|p1b: Maushold|Protect\n|move|p2a: Torkoal|Eruption|p1a: Floette|[spread] p1a\n|-activate|p1b: Maushold|move: Protect\n|-damage|p1a: Floette|0 fnt\n|faint|p1a: Floette\n|\n|-weather|SunnyDay|[upkeep]\n|upkeep\n|\n|t:|1776283482\n|switch|p1a: Basculegion|Basculegion, L50, M|100/100\n|turn|4\n|\n|t:|1776283505\n|move|p1a: Basculegion|Protect|p1a: Basculegion\n|-singleturn|p1a: Basculegion|Protect\n|move|p2a: Torkoal|Eruption|p1a: Basculegion|[spread] p1b\n|-activate|p1a: Basculegion|move: Protect\n|-damage|p1b: Maushold|0 fnt\n|faint|p1b: Maushold\n|move|p2b: Kingambit|Iron Head|p1a: Basculegion\n|-activate|p1a: Basculegion|move: Protect\n|\n|-weather|SunnyDay|[upkeep]\n|upkeep\n|\n|t:|1776283514\n|switch|p1b: Corviknight|Corviknight, L50, F|100/100\n|turn|5\n|\n|t:|1776283538\n|move|p1b: Corviknight|Protect|p1b: Corviknight\n|-singleturn|p1b: Corviknight|Protect\n|move|p2b: Kingambit|Sucker Punch|p1a: Basculegion\n|-supereffective|p1a: Basculegion|1\n|-damage|p1a: Basculegion|10/100\n|move|p2a: Torkoal|Eruption|p1b: Corviknight|[spread] p1a\n|-activate|p1b: Corviknight|move: Protect\n|-resisted|p1a: Basculegion|1\n|-damage|p1a: Basculegion|0 fnt\n|faint|p1a: Basculegion\n|\n|-weather|SunnyDay|[upkeep]\n|-fieldend|move: Trick Room\n|upkeep\n|turn|6\n|c|\u2606pizzapete2006|oh, didnt think youd sucker punch!\n|c|\u2606pizzapete2006|if i aqua jet there you lose\n|inactive|pizzapete2006 has 30 seconds left.\n|inactive|StrengPengu has 30 seconds left.\n|c|\u2606StrengPengu|i gamble. call me kip\n|c|\u2606pizzapete2006|might as well, i only really lose to the gamblers\n|inactive|pizzapete2006 has 20 seconds left.\n|inactive|pizzapete2006 has 15 seconds left.\n|\n|t:|1776283578\n|move|p2b: Kingambit|Sucker Punch|p1b: Corviknight\n|-damage|p1b: Corviknight|71/100\n|move|p1b: Corviknight|Brave Bird|p2a: Torkoal\n|-damage|p2a: Torkoal|75/100\n|-damage|p1b: Corviknight|64/100|[from] Recoil\n|move|p2a: Torkoal|Weather Ball|p1b: Corviknight\n|-supereffective|p1b: Corviknight|1\n|-damage|p1b: Corviknight|0 fnt\n|faint|p1b: Corviknight\n|\n|win|StrengPengu\n|c|\u2606pizzapete2006|oh well! should have clicked moonblast turn 1\n|c|\u2606pizzapete2006|assumed gleam would kill farig no matter what, thats what i get for not doing any calcs before now\n|c|\u2606StrengPengu|if i dont get the prio then i lose\n|c|\u2606pizzapete2006|but thats what im doing here\n|l|\u2606pizzapete2006\n|player|p1|\n|c|\u2606StrengPengu|you would kill a normal giraf\n|n|\u2606StrengPengu|strengpengu\n|n| AlexVaz001|alexvaz001\n|l| AlexVaz001\n|l|\u2606StrengPengu\n|player|p2|\n|j|\u2606pizzapete2006\n|player|p1|pizzapete2006|1|\n|l|\u2606pizzapete2006\n|player|p1|\n|j|\u2606pizzapete2006\n|player|p1|pizzapete2006|1|\n",
  "uploadtime": 1776287339,
  "views": 36,
  "formatid": "gen9championsvgc2026regma",
  "rating": null,
  "private": 0,
  "password": null
}