{
  "id": "gen9championsvgc2026regma-2587798535",
  "format": "[Gen 9 Champions] VGC 2026 Reg M-A",
  "players": [
    "Dio Brando45",
    "pinnecks"
  ],
  "log": "|j|\u2606Dio Brando45\n|j|\u2606pinnecks\n|t:|1776565104\n|gametype|doubles\n|player|p1|Dio Brando45|palmer|1187\n|player|p2|pinnecks|lyra|1108\n|gen|9\n|tier|[Gen 9 Champions] VGC 2026 Reg M-A\n|rated|\n|rule|Species Clause: Limit one of each Pok\u00e9mon\n|rule|Item Clause: Limit 1 of each item\n|clearpoke\n|poke|p1|Pinsir, L50, M, shiny|\n|poke|p1|Hydreigon, L50, M, shiny|\n|poke|p1|Scizor, L50, M, shiny|\n|poke|p1|Sinistcha, L50, shiny|\n|poke|p1|Infernape, L50, M, shiny|\n|poke|p1|Aerodactyl, L50, M, shiny|\n|poke|p2|Altaria, L50, M, shiny|\n|poke|p2|Aerodactyl, L50, M|\n|poke|p2|Milotic, L50, F|\n|poke|p2|Houndoom, L50, M, shiny|\n|poke|p2|Raichu-Alola, L50, M|\n|poke|p2|Aegislash, L50, M, shiny|\n|teampreview|4\n|inactive|Battle timer is ON: inactive players will automatically lose when time's up. (requested by Dio Brando45)\n|inactive|Dio Brando45 has 60 seconds left.\n|\n|t:|1776565164\n|teamsize|p1|4\n|teamsize|p2|4\n|start\n|switch|p1a: Pork Pie Hat Kid|Sinistcha, L50, shiny|100/100\n|switch|p1b: Dragons Dream|Hydreigon, L50, M, shiny|100/100\n|switch|p2a: Aerodactyl|Aerodactyl, L50, M|100/100\n|switch|p2b: Milotic|Milotic, L50, F|100/100\n|-ability|p2a: Aerodactyl|Unnerve\n|turn|1\n|inactive|Dio Brando45 has 30 seconds left.\n|\n|t:|1776565196\n|move|p2a: Aerodactyl|Tailwind|p2a: Aerodactyl\n|-sidestart|p2: pinnecks|move: Tailwind\n|move|p2b: Milotic|Icy Wind|p1a: Pork Pie Hat Kid|[spread] p1b\n|-miss|p2b: Milotic|p1a: Pork Pie Hat Kid\n|-supereffective|p1b: Dragons Dream|1\n|-crit|p1b: Dragons Dream\n|-damage|p1b: Dragons Dream|56/100\n|-unboost|p1b: Dragons Dream|spe|1\n|move|p1a: Pork Pie Hat Kid|Matcha Gotcha|p2b: Milotic|[spread] p2a,p2b\n|-supereffective|p2b: Milotic|1\n|-damage|p2a: Aerodactyl|58/100\n|-damage|p2b: Milotic|62/100\n|move|p1b: Dragons Dream|Focus Energy|p1b: Dragons Dream\n|-start|p1b: Dragons Dream|move: Focus Energy\n|\n|-heal|p2b: Milotic|68/100|[from] item: Leftovers\n|upkeep\n|turn|2\n|inactive|pinnecks has 30 seconds left.\n|\n|t:|1776565226\n|move|p1b: Dragons Dream|Protect|p1b: Dragons Dream\n|-singleturn|p1b: Dragons Dream|Protect\n|move|p2a: Aerodactyl|Dual Wingbeat|p1a: Pork Pie Hat Kid\n|-supereffective|p1a: Pork Pie Hat Kid|1\n|-damage|p1a: Pork Pie Hat Kid|63/100\n|-supereffective|p1a: Pork Pie Hat Kid|1\n|-damage|p1a: Pork Pie Hat Kid|20/100\n|-hitcount|p1a: Pork Pie Hat Kid|2\n|move|p2b: Milotic|Icy Wind|p1b: Dragons Dream|[spread] p1a\n|-activate|p1b: Dragons Dream|move: Protect\n|-supereffective|p1a: Pork Pie Hat Kid|1\n|-damage|p1a: Pork Pie Hat Kid|0 fnt\n|faint|p1a: Pork Pie Hat Kid\n|\n|-heal|p2b: Milotic|74/100|[from] item: Leftovers\n|upkeep\n|\n|t:|1776565246\n|switch|p1a: Scary Monsters|Aerodactyl, L50, M, shiny|100/100\n|-ability|p1a: Scary Monsters|Unnerve\n|turn|3\n|\n|t:|1776565265\n|move|p1b: Dragons Dream|Protect||[still]\n|-fail|p1b: Dragons Dream\n|move|p2a: Aerodactyl|Rock Slide|p1b: Dragons Dream|[spread] p1a,p1b\n|-supereffective|p1a: Scary Monsters|1\n|-damage|p1a: Scary Monsters|24/100\n|-damage|p1b: Dragons Dream|27/100\n|move|p2b: Milotic|Icy Wind|p1a: Scary Monsters|[spread] p1a,p1b\n|-supereffective|p1a: Scary Monsters|1\n|-supereffective|p1b: Dragons Dream|1\n|-damage|p1a: Scary Monsters|0 fnt\n|-damage|p1b: Dragons Dream|2/100\n|-unboost|p1b: Dragons Dream|spe|1\n|faint|p1a: Scary Monsters\n|\n|-heal|p2b: Milotic|80/100|[from] item: Leftovers\n|upkeep\n|-message|Dio Brando45 forfeited.\n|\n|win|pinnecks\n|raw|Dio Brando45's rating: 1187 &rarr; <strong>1156</strong><br />(-31 for losing)\n|raw|pinnecks's rating: 1108 &rarr; <strong>1139</strong><br />(+31 for winning)\n|l|\u2606Dio Brando45\n|player|p1|\n",
  "uploadtime": 1776565279,
  "views": 13,
  "formatid": "gen9championsvgc2026regma",
  "rating": 1139,
  "private": 0,
  "password": null
}