{
  "id": "gen9championsvgc2026regma-2583952746",
  "format": "[Gen 9 Champions] VGC 2026 Reg M-A",
  "players": [
    "zurcko",
    "gallium1005"
  ],
  "log": "|j|\u2606zurcko\n|j|\u2606gallium1005\n|t:|1776211287\n|gametype|doubles\n|player|p1|zurcko|169|1071\n|player|p2|gallium1005|hilbert|1090\n|gen|9\n|tier|[Gen 9 Champions] VGC 2026 Reg M-A\n|rated|\n|rule|Species Clause: Limit one of each Pok\u00e9mon\n|rule|Item Clause: Limit 1 of each item\n|clearpoke\n|poke|p1|Starmie, L50|\n|poke|p1|Sinistcha, L50|\n|poke|p1|Incineroar, L50, M|\n|poke|p1|Pelipper, L50, M|\n|poke|p1|Milotic, L50, M|\n|poke|p1|Basculegion, L50, M|\n|poke|p2|Sinistcha, L50|\n|poke|p2|Aggron, L50, M|\n|poke|p2|Archaludon, L50, M|\n|poke|p2|Incineroar, L50, F|\n|poke|p2|Farigiraf, L50, F|\n|poke|p2|Pelipper, L50, M|\n|teampreview|4\n|inactive|Battle timer is ON: inactive players will automatically lose when time's up. (requested by zurcko)\n|inactive|zurcko has 60 seconds left.\n|\n|t:|1776211335\n|teamsize|p1|4\n|teamsize|p2|4\n|start\n|switch|p1a: Pelipper|Pelipper, L50, M|100/100\n|switch|p1b: Milotic|Milotic, L50, M|100/100\n|switch|p2a: Archaludon|Archaludon, L50, M|100/100\n|switch|p2b: Pelipper|Pelipper, L50, M|100/100\n|-weather|RainDance|[from] ability: Drizzle|[of] p1a: Pelipper\n|turn|1\n|inactive|zurcko has 30 seconds left.\n|\n|t:|1776211366\n|move|p2a: Archaludon|Electro Shot||[still]\n|-prepare|p2a: Archaludon|Electro Shot\n|-boost|p2a: Archaludon|spa|1\n|-anim|p2a: Archaludon|Electro Shot|p1b: Milotic\n|-supereffective|p1b: Milotic|1\n|-damage|p1b: Milotic|0 fnt\n|faint|p1b: Milotic\n|move|p1a: Pelipper|Tailwind|p1a: Pelipper\n|-sidestart|p1: zurcko|move: Tailwind\n|move|p2b: Pelipper|Hurricane|p1a: Pelipper\n|-damage|p1a: Pelipper|32/100\n|\n|-weather|RainDance|[upkeep]\n|upkeep\n|\n|t:|1776211390\n|switch|p1b: Sinistcha|Sinistcha, L50|100/100\n|-heal|p1a: Pelipper|56/100|[from] ability: Hospitality|[of] p1b: Sinistcha\n|turn|2\n|inactive|zurcko has 30 seconds left.\n|\n|t:|1776211424\n|switch|p1a: Starmie|Starmie, L50|100/100\n|move|p2a: Archaludon|Electro Shot||[still]\n|-prepare|p2a: Archaludon|Electro Shot\n|-boost|p2a: Archaludon|spa|1\n|-anim|p2a: Archaludon|Electro Shot|p1a: Starmie\n|-supereffective|p1a: Starmie|1\n|-damage|p1a: Starmie|0 fnt\n|faint|p1a: Starmie\n|move|p1b: Sinistcha|Matcha Gotcha|p2b: Pelipper|[spread] p2a\n|-miss|p1b: Sinistcha|p2b: Pelipper\n|-resisted|p2a: Archaludon|2\n|-damage|p2a: Archaludon|92/100\n|move|p2b: Pelipper|Hurricane|p1b: Sinistcha\n|-supereffective|p1b: Sinistcha|1\n|-damage|p1b: Sinistcha|13/100\n|-start|p1b: Sinistcha|confusion\n|-enditem|p1b: Sinistcha|Sitrus Berry|[eat]\n|-heal|p1b: Sinistcha|38/100|[from] item: Sitrus Berry\n|\n|-weather|RainDance|[upkeep]\n|upkeep\n|-message|zurcko forfeited.\n|\n|win|gallium1005\n|raw|zurcko's rating: 1071 &rarr; <strong>1051</strong><br />(-20 for losing)\n|raw|gallium1005's rating: 1090 &rarr; <strong>1115</strong><br />(+25 for winning)\n|l|\u2606zurcko\n|player|p1|\n",
  "uploadtime": 1776211449,
  "views": 20,
  "formatid": "gen9championsvgc2026regma",
  "rating": 1051,
  "private": 0,
  "password": null
}