{
  "id": "gen9championsvgc2026regma-2585429113",
  "format": "[Gen 9 Champions] VGC 2026 Reg M-A",
  "players": [
    "Jah_08",
    "littlewhblack"
  ],
  "log": "|j|\u2606Jah_08\n|j|\u2606littlewhblack\n|t:|1776346683\n|gametype|doubles\n|player|p1|Jah_08|alder|1302\n|player|p2|littlewhblack|1|1331\n|gen|9\n|tier|[Gen 9 Champions] VGC 2026 Reg M-A\n|rated|\n|rule|Species Clause: Limit one of each Pok\u00e9mon\n|rule|Item Clause: Limit 1 of each item\n|clearpoke\n|poke|p1|Excadrill, L50, M|\n|poke|p1|Whimsicott, L50, M|\n|poke|p1|Chandelure, L50, M|\n|poke|p1|Zoroark-Hisui, L50, M|\n|poke|p1|Basculegion, L50, M|\n|poke|p1|Hydreigon, L50, M|\n|poke|p2|Charizard, L50, F|\n|poke|p2|Incineroar, L50, F|\n|poke|p2|Garchomp, L50, F|\n|poke|p2|Whimsicott, L50, M|\n|poke|p2|Gengar, L50, M|\n|poke|p2|Corviknight, L50, M|\n|teampreview|4\n|j| K1ngObi\n|l|\u2606littlewhblack\n|player|p2|\n|j|\u2606littlewhblack\n|player|p2|littlewhblack|1|\nJah_08 rejected open team sheets.\n|\n|t:|1776346736\n|teamsize|p1|4\n|teamsize|p2|4\n|start\n|switch|p1a: Whimsicott|Whimsicott, L50, M, shiny|100/100\n|switch|p1b: Basculegion|Basculegion, L50, M|100/100\n|switch|p2a: \u5730\u9f99\u795e|Garchomp, L50, F|100/100\n|switch|p2b: Incineroar|Incineroar, L50, F|100/100\n|-ability|p2b: Incineroar|Intimidate|boost\n|-unboost|p1a: Whimsicott|atk|1\n|-unboost|p1b: Basculegion|atk|1\n|turn|1\n|l|\u2606littlewhblack\n|player|p2|\n|inactive|Battle timer is ON: inactive players will automatically lose when time's up. (requested by Jah_08)\n|inactive|littlewhblack has 30 seconds to reconnect!\n|inactive|littlewhblack has 20 seconds to reconnect!\n|j|\u2606littlewhblack\n|inactive|littlewhblack reconnected and has 50 seconds left.\n|player|p2|littlewhblack|1|\n|inactive|littlewhblack has 30 seconds left.\n|inactive|littlewhblack has 20 seconds left.\n|inactive|littlewhblack has 15 seconds left.\n|\n|t:|1776346814\n|move|p1a: Whimsicott|Protect|p1a: Whimsicott\n|-singleturn|p1a: Whimsicott|Protect\n|move|p2b: Incineroar|Fake Out|p1a: Whimsicott\n|-activate|p1a: Whimsicott|move: Protect\n|move|p2a: \u5730\u9f99\u795e|Earthquake|p1a: Whimsicott|[spread] p2b,p1b\n|-activate|p1a: Whimsicott|move: Protect\n|-supereffective|p2b: Incineroar|1\n|-damage|p2b: Incineroar|39/100\n|-damage|p1b: Basculegion|43/100\n|-enditem|p2b: Incineroar|Sitrus Berry|[eat]\n|-heal|p2b: Incineroar|64/100|[from] item: Sitrus Berry\n|move|p1b: Basculegion|Wave Crash|p2b: Incineroar\n|-supereffective|p2b: Incineroar|1\n|-damage|p2b: Incineroar|0 fnt\n|faint|p2b: Incineroar\n|-damage|p1b: Basculegion|22/100|[from] Recoil\n|\n|upkeep\n|\n|t:|1776346832\n|switch|p2b: Charizard|Charizard, L50, F, shiny|100/100\n|turn|2\n|\n|t:|1776346840\n|detailschange|p2b: Charizard|Charizard-Mega-Y, L50, F, shiny\n|-mega|p2b: Charizard|Charizard|Charizardite Y\n|-weather|SunnyDay|[from] ability: Drought|[of] p2b: Charizard\n|move|p1a: Whimsicott|Tailwind|p1a: Whimsicott\n|-sidestart|p1: Jah_08|move: Tailwind\n|move|p1b: Basculegion|Wave Crash|p2b: Charizard\n|-supereffective|p2b: Charizard|1\n|-damage|p2b: Charizard|52/100\n|-damage|p1b: Basculegion|7/100|[from] Recoil\n|move|p2a: \u5730\u9f99\u795e|Earthquake|p1b: Basculegion|[spread] p1a,p1b\n|-immune|p2b: Charizard\n|-resisted|p1a: Whimsicott|1\n|-crit|p1a: Whimsicott\n|-damage|p1a: Whimsicott|59/100\n|-damage|p1b: Basculegion|0 fnt\n|faint|p1b: Basculegion\n|move|p2b: Charizard|Weather Ball|p1a: Whimsicott\n|-supereffective|p1a: Whimsicott|1\n|-damage|p1a: Whimsicott|0 fnt\n|faint|p1a: Whimsicott\n|\n|-weather|SunnyDay|[upkeep]\n|upkeep\n|\n|t:|1776346863\n|switch|p1a: Chandelure|Chandelure, L50, M|100/100\n|switch|p1b: Excadrill|Excadrill, L50, M|100/100\n|-ability|p1b: Excadrill|Mold Breaker\n|turn|3\n|inactive|Jah_08 has 30 seconds left.\n|inactive|littlewhblack has 30 seconds left.\n|inactive|littlewhblack has 20 seconds left.\n|inactive|littlewhblack has 15 seconds left.\n|inactive|littlewhblack has 10 seconds left.\n|l|\u2606littlewhblack\n|inactive|littlewhblack disconnected and has a minute to reconnect!\n|player|p2|\n|inactive|littlewhblack has 5 seconds left.\n|-message|littlewhblack lost due to inactivity.\n|\n|win|Jah_08\n|raw|Jah_08's rating: 1302 &rarr; <strong>1324</strong><br />(+22 for winning)\n|raw|littlewhblack's rating: 1331 &rarr; <strong>1309</strong><br />(-22 for losing)\n",
  "uploadtime": 1776346921,
  "views": 44,
  "formatid": "gen9championsvgc2026regma",
  "rating": 1309,
  "private": 0,
  "password": null
}