{
  "id": "gen9championsvgc2026regma-2588235486",
  "format": "[Gen 9 Champions] VGC 2026 Reg M-A",
  "players": [
    "shohei0115",
    "karlols333"
  ],
  "log": "|j|\u2606shohei0115\n|j|\u2606karlols333\n|t:|1776616821\n|gametype|doubles\n|player|p1|shohei0115|170|1169\n|player|p2|karlols333|101|1121\n|gen|9\n|tier|[Gen 9 Champions] VGC 2026 Reg M-A\n|rated|\n|rule|Species Clause: Limit one of each Pok\u00e9mon\n|rule|Item Clause: Limit 1 of each item\n|clearpoke\n|poke|p1|Charizard, L50, M, shiny|\n|poke|p1|Garchomp, L50, F|\n|poke|p1|Kingambit, L50, M|\n|poke|p1|Rotom-Wash, L50|\n|poke|p1|Sneasler, L50, M|\n|poke|p1|Whimsicott, L50, M|\n|poke|p2|Tyranitar, L50, F|\n|poke|p2|Excadrill, L50, M|\n|poke|p2|Sinistcha, L50|\n|poke|p2|Corviknight, L50, M|\n|poke|p2|Incineroar, L50, F|\n|poke|p2|Primarina, L50, M|\n|teampreview|4\n|inactive|Battle timer is ON: inactive players will automatically lose when time's up. (requested by karlols333)\n|inactive|shohei0115 has 60 seconds left.\n|l|\u2606karlols333\n|inactive|karlols333 disconnected and has a minute to reconnect!\n|player|p2|\n|j|\u2606karlols333\n|inactive|karlols333 reconnected.\n|player|p2|karlols333|101|\n|inactive|shohei0115 has 30 seconds left.\n|inactiveoff|Battle timer is now OFF.\n|\n|t:|1776616965\n|teamsize|p1|4\n|teamsize|p2|4\n|start\n|switch|p1a: Sneasler|Sneasler, L50, M|100/100\n|switch|p1b: Garchomp|Garchomp, L50, F|100/100\n|switch|p2a: Tyranitar|Tyranitar, L50, F|100/100\n|switch|p2b: Excadrill|Excadrill, L50, M|100/100\n|-weather|Sandstorm|[from] ability: Sand Stream|[of] p2a: Tyranitar\n|turn|1\n|\n|t:|1776616999\n|switch|p1a: Rotom|Rotom-Wash, L50|100/100\n|move|p2b: Excadrill|Protect|p2b: Excadrill\n|-singleturn|p2b: Excadrill|Protect\n|move|p2a: Tyranitar|Protect|p2a: Tyranitar\n|-singleturn|p2a: Tyranitar|Protect\n|move|p1b: Garchomp|Earthquake|p2b: Excadrill|[spread] \n|-activate|p2a: Tyranitar|move: Protect\n|-activate|p2b: Excadrill|move: Protect\n|-immune|p1a: Rotom|[from] ability: Levitate\n|\n|-weather|Sandstorm|[upkeep]\n|-damage|p1a: Rotom|95/100|[from] Sandstorm\n|upkeep\n|turn|2\n|\n|t:|1776617029\n|detailschange|p2a: Tyranitar|Tyranitar-Mega, L50, F\n|-mega|p2a: Tyranitar|Tyranitar|Tyranitarite\n|move|p2b: Excadrill|Iron Head|p1b: Garchomp\n|-damage|p1b: Garchomp|53/100\n|-damage|p2b: Excadrill|88/100|[from] ability: Rough Skin|[of] p1b: Garchomp\n|move|p1b: Garchomp|Earthquake|p2a: Tyranitar|[spread] p2a,p2b\n|-immune|p1a: Rotom|[from] ability: Levitate\n|-supereffective|p2a: Tyranitar|1\n|-supereffective|p2b: Excadrill|1\n|-damage|p2a: Tyranitar|49/100\n|-damage|p2b: Excadrill|0 fnt\n|faint|p2b: Excadrill\n|move|p2a: Tyranitar|Knock Off|p1b: Garchomp\n|-damage|p1b: Garchomp|0 fnt\n|-damage|p2a: Tyranitar|37/100|[from] ability: Rough Skin|[of] p1b: Garchomp\n|-enditem|p1b: Garchomp|Choice Scarf|[from] move: Knock Off|[of] p2a: Tyranitar\n|faint|p1b: Garchomp\n|move|p1a: Rotom|Will-O-Wisp|p2a: Tyranitar\n|-status|p2a: Tyranitar|brn\n|\n|-weather|Sandstorm|[upkeep]\n|-damage|p1a: Rotom|89/100|[from] Sandstorm\n|-damage|p2a: Tyranitar|31/100 brn|[from] brn\n|upkeep\n|\n|t:|1776617058\n|switch|p1b: Sneasler|Sneasler, L50, M|100/100\n|switch|p2b: Primarina|Primarina, L50, M|100/100\n|turn|3\n|inactive|Battle timer is ON: inactive players will automatically lose when time's up. (requested by karlols333)\n|\n|t:|1776617101\n|switch|p2b: Corviknight|Corviknight, L50, M|100/100\n|-ability|p2b: Corviknight|Unnerve\n|move|p1b: Sneasler|Close Combat|p2a: Tyranitar\n|-supereffective|p2a: Tyranitar|2\n|-damage|p2a: Tyranitar|0 fnt\n|-unboost|p1b: Sneasler|def|1\n|-unboost|p1b: Sneasler|spd|1\n|faint|p2a: Tyranitar\n|-enditem|p1b: Sneasler|White Herb\n|-clearnegativeboost|p1b: Sneasler|[silent]\n|move|p1a: Rotom|Thunderbolt|p2b: Corviknight\n|-supereffective|p2b: Corviknight|1\n|-damage|p2b: Corviknight|10/100\n|-status|p2b: Corviknight|par\n|\n|-weather|Sandstorm|[upkeep]\n|-damage|p1b: Sneasler|95/100|[from] Sandstorm\n|-damage|p1a: Rotom|83/100|[from] Sandstorm\n|-heal|p2b: Corviknight|16/100 par|[from] item: Leftovers\n|upkeep\n|-message|karlols333 forfeited.\n|\n|win|shohei0115\n|raw|shohei0115's rating: 1169 &rarr; <strong>1191</strong><br />(+22 for winning)\n|raw|karlols333's rating: 1121 &rarr; <strong>1099</strong><br />(-22 for losing)\n|l|\u2606karlols333\n|player|p2|\n",
  "uploadtime": 1776617126,
  "views": 10,
  "formatid": "gen9championsvgc2026regma",
  "rating": 1099,
  "private": 0,
  "password": null
}