{
  "id": "gen9championsvgc2026regma-2588378349",
  "format": "[Gen 9 Champions] VGC 2026 Reg M-A",
  "players": [
    "Caligo33",
    "Sting Officer"
  ],
  "log": "|j|\u2606Caligo33\n|j|\u2606Sting Officer\n|t:|1776628526\n|gametype|doubles\n|player|p1|Caligo33|170|1114\n|player|p2|Sting Officer|winona|1056\n|gen|9\n|tier|[Gen 9 Champions] VGC 2026 Reg M-A\n|rated|\n|rule|Species Clause: Limit one of each Pok\u00e9mon\n|rule|Item Clause: Limit 1 of each item\n|clearpoke\n|poke|p1|Gengar, L50, M, shiny|\n|poke|p1|Incineroar, L50, M|\n|poke|p1|Gallade, L50, M|\n|poke|p1|Araquanid, L50, M|\n|poke|p1|Dragonite, L50, M|\n|poke|p1|Corviknight, L50, F|\n|poke|p2|Steelix, L50, M|\n|poke|p2|Hippowdon, L50, F|\n|poke|p2|Excadrill, L50, F|\n|poke|p2|Meowscarada, L50, F|\n|poke|p2|Glimmora, L50, F|\n|poke|p2|Tyranitar, L50, M|\n|teampreview|4\n|inactive|Battle timer is ON: inactive players will automatically lose when time's up. (requested by Caligo33)\nCaligo33 has agreed to open team sheets.\nSting Officer has agreed to open team sheets.\n|showteam|p1|Gengar||Gengarite|CursedBody|ShadowBall,SludgeBomb,ThunderWave,Protect|||M|||50|]Incineroar||SitrusBerry|Intimidate|FakeOut,FlareBlitz,DarkestLariat,PartingShot|||M|||50|]Gallade||WhiteHerb|Sharpness|PsychoCut,SacredSword,Encore,Protect|||M|||50|]Araquanid||MysticWater|WaterBubble|Liquidation,IcyWind,WideGuard,Protect|||M|||50|]Dragonite||DragonFang|InnerFocus|DracoMeteor,ExtremeSpeed,DragonTail,ThunderWave|||M|||50|]Corviknight||Leftovers|MirrorArmor|DualWingbeat,BodyPress,IronDefense,Tailwind|||F|||50|\n|showteam|p2|Steelix||Steelixite|RockHead|BodyPress,AncientPower,DoubleEdge,GyroBall|||M|||50|]Hippowdon||Leftovers|SandStream|Roar,StealthRock,Crunch,HighHorsepower|||F|||50|]Excadrill||ScopeLens|SandRush|Earthquake,Megahorn,PoisonJab,Protect|||F|||50|]Meowscarada||QuickClaw|Protean|TrickRoom,FlowerTrick,KnockOff,PlayRough|||F|||50|]Glimmora||FocusSash|Corrosion|MortalSpin,PowerGem,SludgeBomb,FlashCannon|||F|||50|]Tyranitar||BlackGlasses|SandStream|KnockOff,RockSlide,Earthquake,HeavySlam|||M|||50|\n|inactive|Caligo33 has 60 seconds left.\n|inactive|Caligo33 has 30 seconds left.\n|\n|t:|1776628595\n|teamsize|p1|4\n|teamsize|p2|4\n|start\n|switch|p1a: Araquanid|Araquanid, L50, M|100/100\n|switch|p1b: Gallade|Gallade, L50, M|100/100\n|switch|p2a: Hippowdon|Hippowdon, L50, F|100/100\n|switch|p2b: Glimmora|Glimmora, L50, F|100/100\n|-weather|Sandstorm|[from] ability: Sand Stream|[of] p2a: Hippowdon\n|turn|1\n|\n|t:|1776628618\n|move|p2b: Glimmora|Power Gem|p1a: Araquanid\n|-supereffective|p1a: Araquanid|1\n|-damage|p1a: Araquanid|28/100\n|move|p1b: Gallade|Psycho Cut|p2b: Glimmora\n|-supereffective|p2b: Glimmora|1\n|-enditem|p2b: Glimmora|Focus Sash\n|-damage|p2b: Glimmora|1/100\n|move|p2a: Hippowdon|High Horsepower|p1b: Gallade\n|-damage|p1b: Gallade|16/100\n|move|p1a: Araquanid|Icy Wind|p2b: Glimmora|[spread] p2a,p2b\n|-supereffective|p2a: Hippowdon|1\n|-damage|p2a: Hippowdon|90/100\n|-damage|p2b: Glimmora|0 fnt\n|-unboost|p2a: Hippowdon|spe|1\n|faint|p2b: Glimmora\n|\n|-weather|Sandstorm|[upkeep]\n|-damage|p1b: Gallade|10/100|[from] Sandstorm\n|-damage|p1a: Araquanid|23/100|[from] Sandstorm\n|-heal|p2a: Hippowdon|96/100|[from] item: Leftovers\n|upkeep\n|\n|t:|1776628637\n|switch|p2b: Steelix|Steelix, L50, M|100/100\n|turn|2\n|\n|t:|1776628656\n|detailschange|p2b: Steelix|Steelix-Mega, L50, M\n|-mega|p2b: Steelix|Steelix|Steelixite\n|move|p1b: Gallade|Sacred Sword|p2b: Steelix\n|-supereffective|p2b: Steelix|1\n|-damage|p2b: Steelix|28/100\n|move|p1a: Araquanid|Liquidation|p2a: Hippowdon\n|-supereffective|p2a: Hippowdon|1\n|-damage|p2a: Hippowdon|0 fnt\n|faint|p2a: Hippowdon\n|move|p2b: Steelix|Ancient Power|p1a: Araquanid\n|-supereffective|p1a: Araquanid|1\n|-damage|p1a: Araquanid|4/100\n|\n|-weather|Sandstorm|[upkeep]\n|-damage|p1b: Gallade|4/100|[from] Sandstorm\n|-damage|p1a: Araquanid|0 fnt|[from] Sandstorm\n|faint|p1a: Araquanid\n|upkeep\n|\n|t:|1776628671\n|switch|p2a: Meowscarada|Meowscarada, L50, F|100/100\n|switch|p1a: Incineroar|Incineroar, L50, M|100/100\n|-ability|p1a: Incineroar|Intimidate|boost\n|-unboost|p2a: Meowscarada|atk|1\n|-unboost|p2b: Steelix|atk|1\n|turn|3\n|\n|t:|1776628695\n|move|p1a: Incineroar|Fake Out|p2a: Meowscarada\n|-damage|p2a: Meowscarada|84/100\n|cant|p2a: Meowscarada|flinch\n|move|p1b: Gallade|Sacred Sword|p2b: Steelix\n|-supereffective|p2b: Steelix|1\n|-damage|p2b: Steelix|0 fnt\n|faint|p2b: Steelix\n|\n|-weather|Sandstorm|[upkeep]\n|-damage|p2a: Meowscarada|78/100|[from] Sandstorm\n|-damage|p1b: Gallade|0 fnt|[from] Sandstorm\n|-damage|p1a: Incineroar|95/100|[from] Sandstorm\n|faint|p1b: Gallade\n|upkeep\n|\n|t:|1776628702\n|switch|p1b: Gengar|Gengar, L50, M, shiny|100/100\n|turn|4\n|\n|t:|1776628710\n|detailschange|p1b: Gengar|Gengar-Mega, L50, M, shiny\n|-mega|p1b: Gengar|Gengar|Gengarite\n|move|p1b: Gengar|Sludge Bomb|p2a: Meowscarada\n|-supereffective|p2a: Meowscarada|1\n|-damage|p2a: Meowscarada|0 fnt\n|faint|p2a: Meowscarada\n|\n|win|Caligo33\n|raw|Caligo33's rating: 1114 &rarr; <strong>1135</strong><br />(+21 for winning)\n|raw|Sting Officer's rating: 1056 &rarr; <strong>1041</strong><br />(-15 for losing)\n",
  "uploadtime": 1776628712,
  "views": 13,
  "formatid": "gen9championsvgc2026regma",
  "rating": 1041,
  "private": 0,
  "password": null
}