{
  "id": "gen9championsvgc2026regma-2587457502",
  "format": "[Gen 9 Champions] VGC 2026 Reg M-A",
  "players": [
    "Summrsxo1",
    "Mithozz"
  ],
  "log": "|j|\u2606Summrsxo1\n|j|\u2606Mithozz\n|t:|1776533450\n|gametype|doubles\n|player|p1|Summrsxo1|170|1157\n|player|p2|Mithozz|hilbert|1164\n|gen|9\n|tier|[Gen 9 Champions] VGC 2026 Reg M-A\n|rated|\n|rule|Species Clause: Limit one of each Pok\u00e9mon\n|rule|Item Clause: Limit 1 of each item\n|clearpoke\n|poke|p1|Aerodactyl, L50, F, shiny|\n|poke|p1|Alakazam, L50, F, shiny|\n|poke|p1|Absol, L50, F, shiny|\n|poke|p1|Serperior, L50, F, shiny|\n|poke|p1|Dragapult, L50, F, shiny|\n|poke|p1|Dragonite, L50, M, shiny|\n|poke|p2|Meowstic, L50, M|\n|poke|p2|Milotic, L50, F|\n|poke|p2|Venusaur, L50, F, shiny|\n|poke|p2|Charizard, L50, M, shiny|\n|poke|p2|Typhlosion, L50, M|\n|poke|p2|Torkoal, L50, F|\n|teampreview|4\n|inactive|Battle timer is ON: inactive players will automatically lose when time's up. (requested by Summrsxo1)\n|\n|t:|1776533475\n|teamsize|p1|4\n|teamsize|p2|4\n|start\n|switch|p1a: Dragapult|Dragapult, L50, F, shiny|100/100\n|switch|p1b: Dragonite|Dragonite, L50, M, shiny|100/100\n|switch|p2a: Meowstic|Meowstic, L50, M|100/100\n|switch|p2b: Milotic|Milotic, L50, F|100/100\n|turn|1\n|\n|t:|1776533493\n|move|p2a: Meowstic|Fake Out|p1b: Dragonite\n|-damage|p1b: Dragonite|98/100\n|move|p1a: Dragapult|Dragon Cheer|p1b: Dragonite\n|-start|p1b: Dragonite|move: Dragon Cheer\n|move|p2b: Milotic|Ice Beam|p1b: Dragonite\n|-supereffective|p1b: Dragonite|2\n|-damage|p1b: Dragonite|0 fnt\n|faint|p1b: Dragonite\n|\n|upkeep\n|\n|t:|1776533504\n|switch|p1b: Absol|Absol, L50, F, shiny|100/100\n|turn|2\n|inactive|Mithozz has 30 seconds left.\n|\n|t:|1776533531\n|move|p2a: Meowstic|Rain Dance|p2a: Meowstic\n|-weather|RainDance\n|move|p1a: Dragapult|Dragon Darts|p2a: Meowstic\n|-damage|p2a: Meowstic|62/100\n|-anim|p1a: Dragapult|Dragon Darts|p2b: Milotic\n|-damage|p2b: Milotic|76/100\n|move|p1b: Absol|Night Slash|p2a: Meowstic\n|-supereffective|p2a: Meowstic|1\n|-damage|p2a: Meowstic|0 fnt\n|faint|p2a: Meowstic\n|move|p2b: Milotic|Weather Ball|p1b: Absol\n|-damage|p1b: Absol|0 fnt\n|faint|p1b: Absol\n|\n|-weather|RainDance|[upkeep]\n|upkeep\n|\n|t:|1776533547\n|switch|p2a: Typhlosion|Typhlosion, L50, M|100/100\n|switch|p1b: Aerodactyl|Aerodactyl, L50, F, shiny|100/100\n|turn|3\n|inactive|Mithozz has 30 seconds left.\n|\n|t:|1776533579\n|detailschange|p1b: Aerodactyl|Aerodactyl-Mega, L50, F, shiny\n|-mega|p1b: Aerodactyl|Aerodactyl|Aerodactylite\n|move|p2a: Typhlosion|Eruption|p1b: Aerodactyl|[spread] p1a,p1b\n|-resisted|p1a: Dragapult|1\n|-resisted|p1b: Aerodactyl|1\n|-damage|p1a: Dragapult|83/100\n|-damage|p1b: Aerodactyl|85/100\n|move|p1b: Aerodactyl|Rock Slide|p2a: Typhlosion|[spread] p2a,p2b\n|-supereffective|p2a: Typhlosion|1\n|-damage|p2a: Typhlosion|9/100\n|-damage|p2b: Milotic|45/100\n|-enditem|p2b: Milotic|Sitrus Berry|[eat]\n|-heal|p2b: Milotic|69/100|[from] item: Sitrus Berry\n|move|p1a: Dragapult|Dragon Darts|p2b: Milotic\n|-damage|p2b: Milotic|42/100\n|-anim|p1a: Dragapult|Dragon Darts|p2a: Typhlosion\n|-damage|p2a: Typhlosion|0 fnt\n|faint|p2a: Typhlosion\n|move|p2b: Milotic|Weather Ball|p1b: Aerodactyl\n|-supereffective|p1b: Aerodactyl|1\n|-damage|p1b: Aerodactyl|0 fnt\n|faint|p1b: Aerodactyl\n|\n|-weather|RainDance|[upkeep]\n|upkeep\n|\n|t:|1776533597\n|switch|p2a: Charizard|Charizard, L50, M, shiny|100/100\n|turn|4\n|-message|Summrsxo1 forfeited.\n|\n|win|Mithozz\n|raw|Summrsxo1's rating: 1157 &rarr; <strong>1133</strong><br />(-24 for losing)\n|raw|Mithozz's rating: 1164 &rarr; <strong>1188</strong><br />(+24 for winning)\n|l|\u2606Summrsxo1\n|player|p1|\n",
  "uploadtime": 1776533608,
  "views": 16,
  "formatid": "gen9championsvgc2026regma",
  "rating": 1133,
  "private": 0,
  "password": null
}