{
  "id": "gen9championsvgc2026regma-2581808435",
  "format": "[Gen 9 Champions] VGC 2026 Reg M-A",
  "players": [
    "Tristar0722",
    "Bman311"
  ],
  "log": "|j|\u2606Tristar0722\n|j|\u2606Bman311\n|t:|1776030097\n|gametype|doubles\n|player|p1|Tristar0722|170|\n|player|p2|Bman311|102|\n|gen|9\n|tier|[Gen 9 Champions] VGC 2026 Reg M-A\n|rated|Tournament battle\n|rule|Species Clause: Limit one of each Pok\u00e9mon\n|rule|Item Clause: Limit 1 of each item\n|raw|<div class=\"infobox\"><details class=\"readmore\" open><summary><strong>1 custom rule:</strong></summary> Force Open Team Sheets</details></div>\n|clearpoke\n|poke|p1|Floette-Eternal, L50, F|\n|poke|p1|Incineroar, L50, F|\n|poke|p1|Sinistcha, L50|\n|poke|p1|Kingambit, L50, F|\n|poke|p1|Basculegion, L50, M|\n|poke|p1|Aerodactyl, L50, M|\n|poke|p2|Floette-Eternal, L50, F|\n|poke|p2|Garchomp, L50, M|\n|poke|p2|Aerodactyl, L50, F|\n|poke|p2|Incineroar, L50, F|\n|poke|p2|Sneasler, L50, F|\n|poke|p2|Rotom-Wash, L50|\n|teampreview|4\n|showteam|p1|Floette-Eternal||Floettite|FlowerVeil|Moonblast,DazzlingGleam,CalmMind,Protect|||F|||50|]Incineroar||SitrusBerry|Intimidate|FlareBlitz,Snarl,PartingShot,FakeOut|||F|||50|]Sinistcha||MentalHerb|Hospitality|RagePowder,MatchaGotcha,TrickRoom,LifeDew||||||50|]Kingambit||BlackGlasses|Defiant|KowtowCleave,SuckerPunch,SwordsDance,Protect|||F|||50|]Basculegion||ChoiceScarf|Adaptability|WaveCrash,LastRespects,FlipTurn,AquaJet|||M|||50|]Aerodactyl||FocusSash|Unnerve|RockSlide,Tailwind,RainDance,Protect|||M|||50|\n|showteam|p2|Floette-Eternal||Floettite|FlowerVeil|Moonblast,DazzlingGleam,CalmMind,Protect|||F|||50|]Garchomp||SoftSand|RoughSkin|Earthquake,DragonClaw,StompingTantrum,Protect|||M|||50|]Aerodactyl||FocusSash|Unnerve|RockSlide,DualWingbeat,Tailwind,Protect|||F|||50|]Incineroar||SitrusBerry|Intimidate|FakeOut,ThroatChop,FlareBlitz,PartingShot|||F|||50|]Sneasler||WhiteHerb|Unburden|FakeOut,DireClaw,CloseCombat,Protect|||F|||50|]Rotom-Wash||ChoiceScarf|Levitate|HydroPump,Thunderbolt,VoltSwitch,WillOWisp||||||50|\n|inactive|Battle timer is ON: inactive players will automatically lose when time's up. (requested by Tristar0722)\n|inactive|Bman311 also wants the timer to be on.\nBman311 has agreed to open team sheets.\nTristar0722 has agreed to open team sheets.\n|showteam|p1|Floette-Eternal||Floettite|FlowerVeil|Moonblast,DazzlingGleam,CalmMind,Protect|||F|||50|]Incineroar||SitrusBerry|Intimidate|FlareBlitz,Snarl,PartingShot,FakeOut|||F|||50|]Sinistcha||MentalHerb|Hospitality|RagePowder,MatchaGotcha,TrickRoom,LifeDew||||||50|]Kingambit||BlackGlasses|Defiant|KowtowCleave,SuckerPunch,SwordsDance,Protect|||F|||50|]Basculegion||ChoiceScarf|Adaptability|WaveCrash,LastRespects,FlipTurn,AquaJet|||M|||50|]Aerodactyl||FocusSash|Unnerve|RockSlide,Tailwind,RainDance,Protect|||M|||50|\n|showteam|p2|Floette-Eternal||Floettite|FlowerVeil|Moonblast,DazzlingGleam,CalmMind,Protect|||F|||50|]Garchomp||SoftSand|RoughSkin|Earthquake,DragonClaw,StompingTantrum,Protect|||M|||50|]Aerodactyl||FocusSash|Unnerve|RockSlide,DualWingbeat,Tailwind,Protect|||F|||50|]Incineroar||SitrusBerry|Intimidate|FakeOut,ThroatChop,FlareBlitz,PartingShot|||F|||50|]Sneasler||WhiteHerb|Unburden|FakeOut,DireClaw,CloseCombat,Protect|||F|||50|]Rotom-Wash||ChoiceScarf|Levitate|HydroPump,Thunderbolt,VoltSwitch,WillOWisp||||||50|\n|inactive|Tristar0722 has 60 seconds left.\n|\n|t:|1776030136\n|teamsize|p1|4\n|teamsize|p2|4\n|start\n|switch|p1a: Aerodactyl|Aerodactyl, L50, M|100/100\n|switch|p1b: Basculegion|Basculegion, L50, M|100/100\n|switch|p2a: Sneasler|Sneasler, L50, F|100/100\n|switch|p2b: Floette|Floette-Eternal, L50, F|100/100\n|-ability|p1a: Aerodactyl|Unnerve\n|turn|1\n|\n|t:|1776030161\n|switch|p2a: Incineroar|Incineroar, L50, F|100/100\n|-ability|p2a: Incineroar|Intimidate|boost\n|-unboost|p1a: Aerodactyl|atk|1\n|-unboost|p1b: Basculegion|atk|1\n|detailschange|p2b: Floette|Floette-Mega, L50, F\n|-mega|p2b: Floette|Floette|Floettite\n|-ability|p2b: Floette|Fairy Aura\n|move|p1a: Aerodactyl|Rain Dance|p1a: Aerodactyl\n|-weather|RainDance\n|move|p1b: Basculegion|Wave Crash|p2b: Floette\n|-damage|p2b: Floette|12/100\n|-damage|p1b: Basculegion|73/100|[from] Recoil\n|move|p2b: Floette|Calm Mind|p2b: Floette\n|-boost|p2b: Floette|spa|1\n|-boost|p2b: Floette|spd|1\n|\n|-weather|RainDance|[upkeep]\n|upkeep\n|turn|2\n|inactive|Bman311 has 30 seconds left.\n|j| MegaAshuro19\n|\n|t:|1776030190\n|switch|p2a: Rotom|Rotom-Wash, L50|100/100\n|move|p2b: Floette|Protect|p2b: Floette\n|-singleturn|p2b: Floette|Protect\n|move|p1a: Aerodactyl|Rock Slide|p2a: Rotom|[spread] p2a\n|-activate|p2b: Floette|move: Protect\n|-damage|p2a: Rotom|82/100\n|move|p1b: Basculegion|Wave Crash|p2a: Rotom\n|-resisted|p2a: Rotom|1\n|-damage|p2a: Rotom|39/100\n|-damage|p1b: Basculegion|62/100|[from] Recoil\n|\n|-weather|RainDance|[upkeep]\n|upkeep\n|turn|3\n|\n|t:|1776030206\n|move|p1a: Aerodactyl|Tailwind|p1a: Aerodactyl\n|-sidestart|p1: Tristar0722|move: Tailwind\n|move|p1b: Basculegion|Wave Crash|p2b: Floette\n|-damage|p2b: Floette|0 fnt\n|faint|p2b: Floette\n|-damage|p1b: Basculegion|58/100|[from] Recoil\n|move|p2a: Rotom|Volt Switch|p1b: Basculegion\n|-supereffective|p1b: Basculegion|1\n|-damage|p1b: Basculegion|0 fnt\n|faint|p1b: Basculegion\n|\n|t:|1776030224\n|switch|p2a: Sneasler|Sneasler, L50, F|100/100|[from] Volt Switch\n|\n|-weather|RainDance|[upkeep]\n|upkeep\n|\n|t:|1776030232\n|switch|p1b: Floette|Floette-Eternal, L50, F|100/100\n|switch|p2b: Rotom|Rotom-Wash, L50|39/100\n|turn|4\n|\n|t:|1776030257\n|detailschange|p1b: Floette|Floette-Mega, L50, F\n|-mega|p1b: Floette|Floette|Floettite\n|-ability|p1b: Floette|Fairy Aura\n|move|p2a: Sneasler|Protect|p2a: Sneasler\n|-singleturn|p2a: Sneasler|Protect\n|move|p1a: Aerodactyl|Rock Slide|p2b: Rotom|[spread] p2b\n|-activate|p2a: Sneasler|move: Protect\n|-damage|p2b: Rotom|22/100\n|move|p1b: Floette|Moonblast|p2a: Sneasler\n|-activate|p2a: Sneasler|move: Protect\n|cant|p2b: Rotom|flinch\n|\n|-weather|RainDance|[upkeep]\n|upkeep\n|turn|5\n|inactive|Bman311 has 30 seconds left.\n|\n|t:|1776030282\n|switch|p2a: Incineroar|Incineroar, L50, F|100/100\n|-ability|p2a: Incineroar|Intimidate|boost\n|-unboost|p1a: Aerodactyl|atk|1\n|-unboost|p1b: Floette|atk|1\n|move|p1a: Aerodactyl|Rock Slide|p2a: Incineroar|[spread] p2a,p2b\n|-supereffective|p2a: Incineroar|1\n|-crit|p2b: Rotom\n|-damage|p2a: Incineroar|82/100\n|-damage|p2b: Rotom|0 fnt\n|faint|p2b: Rotom\n|move|p1b: Floette|Moonblast|p2a: Incineroar\n|-damage|p2a: Incineroar|25/100\n|\n|-weather|none\n|upkeep\n|\n|t:|1776030298\n|switch|p2b: Sneasler|Sneasler, L50, F|100/100\n|turn|6\n|\n|t:|1776030308\n|move|p1a: Aerodactyl|Protect|p1a: Aerodactyl\n|-singleturn|p1a: Aerodactyl|Protect\n|move|p1b: Floette|Protect|p1b: Floette\n|-singleturn|p1b: Floette|Protect\n|move|p2a: Incineroar|Fake Out|p1a: Aerodactyl\n|-activate|p1a: Aerodactyl|move: Protect\n|move|p2b: Sneasler|Close Combat|p1a: Aerodactyl\n|-activate|p1a: Aerodactyl|move: Protect\n|\n|-sideend|p1: Tristar0722|move: Tailwind\n|upkeep\n|turn|7\n|\n|t:|1776030316\n|move|p1a: Aerodactyl|Tailwind|p1a: Aerodactyl\n|-sidestart|p1: Tristar0722|move: Tailwind\n|move|p1b: Floette|Dazzling Gleam|p2b: Sneasler|[spread] p2a,p2b\n|-damage|p2a: Incineroar|0 fnt\n|-damage|p2b: Sneasler|41/100\n|faint|p2a: Incineroar\n|move|p2b: Sneasler|Dire Claw|p1b: Floette\n|-supereffective|p1b: Floette|1\n|-damage|p1b: Floette|4/100\n|\n|upkeep\n|turn|8\n|\n|t:|1776030325\n|move|p1a: Aerodactyl|Rock Slide|p2b: Sneasler\n|-resisted|p2b: Sneasler|1\n|-damage|p2b: Sneasler|26/100\n|move|p1b: Floette|Moonblast|p2b: Sneasler\n|-crit|p2b: Sneasler\n|-damage|p2b: Sneasler|0 fnt\n|faint|p2b: Sneasler\n|\n|win|Tristar0722\n|n|\u2606Tristar0722|tristar0722\n|n|\u2606Bman311|bman311\n|n| MegaAshuro19|megaashuro19\n",
  "uploadtime": 1776030328,
  "views": 19,
  "formatid": "gen9championsvgc2026regma",
  "rating": null,
  "private": 0,
  "password": null
}