{
  "id": "gen9championsvgc2026regma-2585203103",
  "format": "[Gen 9 Champions] VGC 2026 Reg M-A",
  "players": [
    "Munchlaxxxed",
    "wapop10086"
  ],
  "log": "|j|\u2606Munchlaxxxed\n|j|\u2606wapop10086\n|t:|1776324521\n|gametype|doubles\n|player|p1|Munchlaxxxed|170|1000\n|player|p2|wapop10086|266|1014\n|gen|9\n|tier|[Gen 9 Champions] VGC 2026 Reg M-A\n|rated|\n|rule|Species Clause: Limit one of each Pok\u00e9mon\n|rule|Item Clause: Limit 1 of each item\n|clearpoke\n|poke|p1|Aerodactyl, L50, F|\n|poke|p1|Charizard, L50, M|\n|poke|p1|Venusaur, L50, F|\n|poke|p1|Aegislash, L50, M|\n|poke|p1|Sneasler, L50, F|\n|poke|p1|Milotic, L50, M|\n|poke|p2|Araquanid, L50, F|\n|poke|p2|Pelipper, L50, M|\n|poke|p2|Blastoise, L50, M|\n|poke|p2|Archaludon, L50, M|\n|poke|p2|Gardevoir, L50, F|\n|poke|p2|Chandelure, L50, F|\n|teampreview|4\n|\n|t:|1776324554\n|teamsize|p1|4\n|teamsize|p2|4\n|start\n|switch|p1a: Aerodactyl|Aerodactyl, L50, F|100/100\n|switch|p1b: Sneasler|Sneasler, L50, F|100/100\n|switch|p2a: Araquanid|Araquanid, L50, F|100/100\n|switch|p2b: Blastoise|Blastoise, L50, M|100/100\n|turn|1\n|\n|t:|1776324575\n|detailschange|p2b: Blastoise|Blastoise-Mega, L50, M\n|-mega|p2b: Blastoise|Blastoise|Blastoisinite\n|move|p1b: Sneasler|Fake Out|p2b: Blastoise\n|-damage|p2b: Blastoise|87/100\n|cant|p2b: Blastoise|flinch\n|move|p1a: Aerodactyl|Dual Wingbeat|p2a: Araquanid\n|-supereffective|p2a: Araquanid|1\n|-damage|p2a: Araquanid|62/100\n|-supereffective|p2a: Araquanid|1\n|-damage|p2a: Araquanid|25/100\n|-hitcount|p2a: Araquanid|2\n|move|p2a: Araquanid|Power Split|p1b: Sneasler\n|-activate|p2a: Araquanid|move: Power Split|[of] p1b: Sneasler\n|\n|upkeep\n|turn|2\n|\n|t:|1776324618\n|switch|p1a: Venusaur|Venusaur, L50, F|100/100\n|move|p2a: Araquanid|Protect|p2a: Araquanid\n|-singleturn|p2a: Araquanid|Protect\n|move|p1b: Sneasler|Close Combat|p2b: Blastoise\n|-damage|p2b: Blastoise|46/100\n|-unboost|p1b: Sneasler|def|1\n|-unboost|p1b: Sneasler|spd|1\n|-enditem|p1b: Sneasler|White Herb\n|-clearnegativeboost|p1b: Sneasler|[silent]\n|move|p2b: Blastoise|Dark Pulse|p1a: Venusaur\n|-damage|p1a: Venusaur|44/100\n|\n|upkeep\n|turn|3\n|\n|t:|1776324650\n|switch|p2a: Chandelure|Chandelure, L50, F|100/100\n|move|p1a: Venusaur|Protect|p1a: Venusaur\n|-singleturn|p1a: Venusaur|Protect\n|move|p2b: Blastoise|Protect|p2b: Blastoise\n|-singleturn|p2b: Blastoise|Protect\n|move|p1b: Sneasler|Dire Claw|p2a: Chandelure\n|-resisted|p2a: Chandelure|1\n|-damage|p2a: Chandelure|83/100\n|\n|upkeep\n|turn|4\n|\n|t:|1776324683\n|switch|p2b: Araquanid|Araquanid, L50, F|25/100\n|move|p1b: Sneasler|Close Combat|p2b: Araquanid\n|-resisted|p2b: Araquanid|1\n|-damage|p2b: Araquanid|0 fnt\n|-unboost|p1b: Sneasler|def|1\n|-unboost|p1b: Sneasler|spd|1\n|faint|p2b: Araquanid\n|move|p1a: Venusaur|Sleep Powder|p2a: Chandelure\n|-status|p2a: Chandelure|slp|[from] move: Sleep Powder\n|cant|p2a: Chandelure|slp\n|\n|upkeep\n|-message|wapop10086 forfeited.\n|\n|win|Munchlaxxxed\n|raw|Munchlaxxxed's rating: 1000 &rarr; <strong>1042</strong><br />(+42 for winning)\n|raw|wapop10086's rating: 1014 &rarr; <strong>1001</strong><br />(-13 for losing)\n",
  "uploadtime": 1776324695,
  "views": 21,
  "formatid": "gen9championsvgc2026regma",
  "rating": 1001,
  "private": 0,
  "password": null
}