{
  "id": "gen9championsvgc2026regma-2584326954",
  "format": "[Gen 9 Champions] VGC 2026 Reg M-A",
  "players": [
    "whackzzzvgc",
    "retredrewer"
  ],
  "log": "|j|\u2606whackzzzvgc\n|j|\u2606retredrewer\n|t:|1776251591\n|gametype|doubles\n|player|p1|whackzzzvgc|aaron|1055\n|player|p2|retredrewer|101|1046\n|gen|9\n|tier|[Gen 9 Champions] VGC 2026 Reg M-A\n|rated|\n|rule|Species Clause: Limit one of each Pok\u00e9mon\n|rule|Item Clause: Limit 1 of each item\n|clearpoke\n|poke|p1|Aerodactyl, L50, F|\n|poke|p1|Incineroar, L50, M|\n|poke|p1|Floette-Eternal, L50, F|\n|poke|p1|Basculegion, L50, M|\n|poke|p1|Garchomp, L50, M|\n|poke|p1|Sneasler, L50, M|\n|poke|p2|Golurk, L50|\n|poke|p2|Farigiraf, L50, F|\n|poke|p2|Torkoal, L50, F|\n|poke|p2|Venusaur, L50, F|\n|poke|p2|Sneasler, L50, F|\n|poke|p2|Incineroar, L50, F|\n|teampreview|4\n|inactive|Battle timer is ON: inactive players will automatically lose when time's up. (requested by whackzzzvgc)\nretredrewer rejected open team sheets.\n|inactive|whackzzzvgc has 60 seconds left.\n|\n|t:|1776251650\n|teamsize|p1|4\n|teamsize|p2|4\n|start\n|switch|p1a: Floette|Floette-Eternal, L50, F|100/100\n|switch|p1b: Basculegion|Basculegion, L50, M|100/100\n|switch|p2a: Golurk|Golurk, L50|100/100\n|switch|p2b: Farigiraf|Farigiraf, L50, F|100/100\n|turn|1\n|\n|t:|1776251672\n|detailschange|p1a: Floette|Floette-Mega, L50, F\n|-mega|p1a: Floette|Floette|Floettite\n|-ability|p1a: Floette|Fairy Aura\n|detailschange|p2a: Golurk|Golurk-Mega, L50\n|-mega|p2a: Golurk|Golurk|Golurkite\n|move|p2a: Golurk|Protect|p2a: Golurk\n|-singleturn|p2a: Golurk|Protect\n|move|p1b: Basculegion|Flip Turn|p2b: Farigiraf\n|-damage|p2b: Farigiraf|70/100\n|\n|t:|1776251689\n|switch|p1b: Garchomp|Garchomp, L50, M|100/100|[from] Flip Turn\n|move|p1a: Floette|Light of Ruin|p2b: Farigiraf\n|-damage|p2b: Farigiraf|0 fnt\n|faint|p2b: Farigiraf\n|-damage|p1a: Floette|49/100|[from] Recoil\n|\n|upkeep\n|-message|retredrewer forfeited.\n|\n|win|whackzzzvgc\n|raw|whackzzzvgc's rating: 1055 &rarr; <strong>1086</strong><br />(+31 for winning)\n|raw|retredrewer's rating: 1046 &rarr; <strong>1030</strong><br />(-16 for losing)\n|l|\u2606retredrewer\n|player|p2|\n",
  "uploadtime": 1776251719,
  "views": 29,
  "formatid": "gen9championsvgc2026regma",
  "rating": 1030,
  "private": 0,
  "password": null
}