{
  "id": "gen9championsvgc2026regma-2586558820",
  "format": "[Gen 9 Champions] VGC 2026 Reg M-A",
  "players": [
    "HeyImRainbow",
    "KarmicPines2002"
  ],
  "log": "|j|\u2606HeyImRainbow\n|j|\u2606KarmicPines2002\n|t:|1776442974\n|gametype|doubles\n|player|p1|HeyImRainbow|169|1141\n|player|p2|KarmicPines2002|2|1208\n|gen|9\n|tier|[Gen 9 Champions] VGC 2026 Reg M-A\n|rated|\n|rule|Species Clause: Limit one of each Pok\u00e9mon\n|rule|Item Clause: Limit 1 of each item\n|clearpoke\n|poke|p1|Delphox, L50, M|\n|poke|p1|Garchomp, L50, M|\n|poke|p1|Aerodactyl, L50, F|\n|poke|p1|Tyranitar, L50, M|\n|poke|p1|Milotic, L50, F|\n|poke|p1|Corviknight, L50, M|\n|poke|p2|Gardevoir, L50, M|\n|poke|p2|Incineroar, L50, M|\n|poke|p2|Aerodactyl, L50, F|\n|poke|p2|Sinistcha, L50|\n|poke|p2|Torkoal, L50, M|\n|poke|p2|Sneasler, L50, M|\n|teampreview|4\n|inactive|Battle timer is ON: inactive players will automatically lose when time's up. (requested by KarmicPines2002)\n|inactive|HeyImRainbow has 60 seconds left.\n|inactive|KarmicPines2002 has 60 seconds left.\n|inactive|KarmicPines2002 has 30 seconds left.\n|inactive|KarmicPines2002 has 20 seconds left.\n|inactive|KarmicPines2002 has 15 seconds left.\n|\n|t:|1776443054\n|teamsize|p1|4\n|teamsize|p2|4\n|start\n|switch|p1a: Corviknight|Corviknight, L50, M|100/100\n|switch|p1b: Milotic|Milotic, L50, F|100/100\n|switch|p2a: Sneasler|Sneasler, L50, M|100/100\n|switch|p2b: Sinistcha|Sinistcha, L50|100/100\n|turn|1\n|inactive|KarmicPines2002 has 30 seconds left.\n|\n|t:|1776443087\n|move|p2a: Sneasler|Close Combat|p1a: Corviknight\n|-damage|p1a: Corviknight|47/100\n|-unboost|p2a: Sneasler|def|1\n|-unboost|p2a: Sneasler|spd|1\n|-enditem|p2a: Sneasler|White Herb\n|-clearnegativeboost|p2a: Sneasler|[silent]\n|move|p1b: Milotic|Icy Wind|p2a: Sneasler|[spread] p2a,p2b\n|-supereffective|p2b: Sinistcha|1\n|-damage|p2a: Sneasler|90/100\n|-damage|p2b: Sinistcha|84/100\n|-unboost|p2a: Sneasler|spe|1\n|-unboost|p2b: Sinistcha|spe|1\n|move|p1a: Corviknight|Iron Defense|p1a: Corviknight\n|-boost|p1a: Corviknight|def|2\n|move|p2b: Sinistcha|Matcha Gotcha|p1b: Milotic|[spread] p1a,p1b\n|-resisted|p1a: Corviknight|2\n|-supereffective|p1b: Milotic|1\n|-crit|p1b: Milotic\n|-damage|p1a: Corviknight|42/100\n|-heal|p2b: Sinistcha|86/100|[from] drain|[of] p1a: Corviknight\n|-damage|p1b: Milotic|38/100\n|-heal|p2b: Sinistcha|100/100|[from] drain|[of] p1b: Milotic\n|-status|p1b: Milotic|brn\n|-enditem|p1b: Milotic|Sitrus Berry|[eat]\n|-heal|p1b: Milotic|63/100 brn|[from] item: Sitrus Berry\n|\n|-heal|p1a: Corviknight|47/100|[from] item: Leftovers\n|-damage|p1b: Milotic|57/100 brn|[from] brn\n|upkeep\n|turn|2\n|inactive|KarmicPines2002 has 30 seconds left.\n|inactive|HeyImRainbow has 30 seconds left.\n|inactive|KarmicPines2002 has 20 seconds left.\n|inactive|KarmicPines2002 has 15 seconds left.\n|inactive|KarmicPines2002 has 10 seconds left.\n|inactive|KarmicPines2002 has 5 seconds left.\n|\n|t:|1776443138\n|move|p1b: Milotic|Protect|p1b: Milotic\n|-singleturn|p1b: Milotic|Protect\n|move|p2b: Sinistcha|Rage Powder|p2b: Sinistcha\n|-singleturn|p2b: Sinistcha|move: Rage Powder\n|move|p2a: Sneasler|Close Combat|p1a: Corviknight\n|-damage|p1a: Corviknight|23/100\n|-unboost|p2a: Sneasler|def|1\n|-unboost|p2a: Sneasler|spd|1\n|move|p1a: Corviknight|Tailwind|p1a: Corviknight\n|-sidestart|p1: HeyImRainbow|move: Tailwind\n|\n|-heal|p1a: Corviknight|28/100|[from] item: Leftovers\n|-damage|p1b: Milotic|51/100 brn|[from] brn\n|upkeep\n|turn|3\n|inactive|KarmicPines2002 has 30 seconds left.\n|inactive|KarmicPines2002 has 20 seconds left.\n|\n|t:|1776443174\n|move|p1b: Milotic|Recover|p1b: Milotic\n|-heal|p1b: Milotic|100/100 brn\n|move|p2a: Sneasler|Close Combat|p1b: Milotic\n|-damage|p1b: Milotic|54/100 brn\n|-unboost|p2a: Sneasler|def|1\n|-unboost|p2a: Sneasler|spd|1\n|move|p1a: Corviknight|Brave Bird|p2a: Sneasler\n|-supereffective|p2a: Sneasler|1\n|-damage|p2a: Sneasler|0 fnt\n|faint|p2a: Sneasler\n|-damage|p1a: Corviknight|0 fnt|[from] Recoil\n|faint|p1a: Corviknight\n|move|p2b: Sinistcha|Trick Room|p2b: Sinistcha\n|-fieldstart|move: Trick Room|[of] p2b: Sinistcha\n|\n|-damage|p1b: Milotic|48/100 brn|[from] brn\n|upkeep\n|\n|t:|1776443199\n|switch|p1a: Tyranitar|Tyranitar, L50, M|100/100\n|switch|p2a: Gardevoir|Gardevoir, L50, M|100/100\n|-ability|p2a: Gardevoir|Competitive|Trace|[from] ability: Trace|[of] p1b: Milotic\n|-weather|Sandstorm|[from] ability: Sand Stream|[of] p1a: Tyranitar\n|turn|4\n|\n|t:|1776443221\n|detailschange|p2a: Gardevoir|Gardevoir-Mega, L50, M\n|-mega|p2a: Gardevoir|Gardevoir|Gardevoirite\n|detailschange|p1a: Tyranitar|Tyranitar-Mega, L50, M\n|-mega|p1a: Tyranitar|Tyranitar|Tyranitarite\n|move|p1b: Milotic|Protect|p1b: Milotic\n|-singleturn|p1b: Milotic|Protect\n|move|p2b: Sinistcha|Matcha Gotcha|p1b: Milotic|[spread] p1a\n|-activate|p1b: Milotic|move: Protect\n|-supereffective|p1a: Tyranitar|1\n|-crit|p1a: Tyranitar\n|-damage|p1a: Tyranitar|56/100\n|move|p2a: Gardevoir|Hyper Voice|p1a: Tyranitar|[spread] p1a\n|-activate|p1b: Milotic|move: Protect\n|-supereffective|p1a: Tyranitar|1\n|-damage|p1a: Tyranitar|0 fnt\n|faint|p1a: Tyranitar\n|\n|-weather|Sandstorm|[upkeep]\n|-damage|p2b: Sinistcha|94/100|[from] Sandstorm\n|-damage|p2a: Gardevoir|95/100|[from] Sandstorm\n|-damage|p1b: Milotic|42/100 brn|[from] Sandstorm\n|-damage|p1b: Milotic|36/100 brn|[from] brn\n|upkeep\n|-message|HeyImRainbow forfeited.\n|\n|win|KarmicPines2002\n|raw|HeyImRainbow's rating: 1141 &rarr; <strong>1121</strong><br />(-20 for losing)\n|raw|KarmicPines2002's rating: 1208 &rarr; <strong>1228</strong><br />(+20 for winning)\n|l|\u2606HeyImRainbow\n|player|p1|\n",
  "uploadtime": 1776443246,
  "views": 20,
  "formatid": "gen9championsvgc2026regma",
  "rating": 1121,
  "private": 0,
  "password": null
}