{
  "id": "gen9championsvgc2026regma-2584277001",
  "format": "[Gen 9 Champions] VGC 2026 Reg M-A",
  "players": [
    "Zappyzap01",
    "azumarillsky"
  ],
  "log": "|j|\u2606Zappyzap01\n|j|\u2606azumarillsky\n|t:|1776246227\n|gametype|doubles\n|player|p1|Zappyzap01|benga|1427\n|player|p2|azumarillsky|2|1519\n|gen|9\n|tier|[Gen 9 Champions] VGC 2026 Reg M-A\n|rated|\n|rule|Species Clause: Limit one of each Pok\u00e9mon\n|rule|Item Clause: Limit 1 of each item\n|clearpoke\n|poke|p1|Sylveon, L50, F|\n|poke|p1|Camerupt, L50, M|\n|poke|p1|Sableye, L50, M|\n|poke|p1|Oranguru, L50, M|\n|poke|p1|Torkoal, L50, M|\n|poke|p1|Meganium, L50, F|\n|poke|p2|Banette, L50, F|\n|poke|p2|Pelipper, L50, F|\n|poke|p2|Basculegion, L50, M|\n|poke|p2|Scizor, L50, F|\n|poke|p2|Primarina, L50, F|\n|poke|p2|Archaludon, L50, F|\n|teampreview|4\n|\n|t:|1776246270\n|teamsize|p1|4\n|teamsize|p2|4\n|start\n|switch|p1a: Oranguru|Oranguru, L50, M, shiny|100/100\n|switch|p1b: Sylveon|Sylveon, L50, F, shiny|100/100\n|switch|p2a: Banette|Banette, L50, F|100/100\n|switch|p2b: Primarina|Primarina, L50, F|100/100\n|-item|p1a: Oranguru|Mental Herb|[from] ability: Frisk|[of] p2a: Banette\n|-item|p1b: Sylveon|Fairy Feather|[from] ability: Frisk|[of] p2a: Banette\n|turn|1\n|inactive|Battle timer is ON: inactive players will automatically lose when time's up. (requested by azumarillsky)\n|j| uppercut vgc\n|l| uppercut vgc\n|\n|t:|1776246290\n|detailschange|p2a: Banette|Banette-Mega, L50, F\n|-mega|p2a: Banette|Banette|Banettite\n|move|p2b: Primarina|Hyper Voice|p1a: Oranguru|[spread] p1a,p1b\n|-damage|p1a: Oranguru|70/100\n|-damage|p1b: Sylveon|71/100\n|move|p2a: Banette|Poltergeist|p1b: Sylveon\n|-activate|p1b: Sylveon|move: Poltergeist|Fairy Feather\n|-damage|p1b: Sylveon|0 fnt\n|faint|p1b: Sylveon\n|move|p1a: Oranguru|Trick Room|p1a: Oranguru\n|-fieldstart|move: Trick Room|[of] p1a: Oranguru\n|\n|upkeep\n|\n|t:|1776246305\n|switch|p1b: Sableye|Sableye, L50, M, shiny|100/100\n|turn|2\n|inactive|azumarillsky has 30 seconds left.\n|\n|t:|1776246331\n|switch|p1a: Meganium|Meganium, L50, F, shiny|100/100\n|move|p1b: Sableye|Fake Out|p2b: Primarina\n|-damage|p2b: Primarina|91/100\n|move|p2a: Banette|Rain Dance|p2a: Banette\n|-weather|RainDance\n|cant|p2b: Primarina|flinch\n|\n|-weather|RainDance|[upkeep]\n|upkeep\n|turn|3\n|\n|t:|1776246354\n|switch|p2b: Pelipper|Pelipper, L50, F|100/100\n|detailschange|p1a: Meganium|Meganium-Mega, L50, F, shiny\n|-mega|p1a: Meganium|Meganium|Meganiumite\n|move|p2a: Banette|Protect|p2a: Banette\n|-singleturn|p2a: Banette|Protect\n|move|p1b: Sableye|Foul Play|p2a: Banette\n|-activate|p2a: Banette|move: Protect\n|move|p1a: Meganium|Solar Beam||[still]\n|-prepare|p1a: Meganium|Solar Beam\n|-activate|p1a: Meganium|ability: Mega Sol\n|-anim|p1a: Meganium|Solar Beam|p2b: Pelipper\n|-damage|p2b: Pelipper|0 fnt\n|faint|p2b: Pelipper\n|\n|-weather|RainDance|[upkeep]\n|upkeep\n|\n|t:|1776246373\n|switch|p2b: Primarina|Primarina, L50, F|91/100\n|turn|4\n|-message|azumarillsky forfeited.\n|\n|win|Zappyzap01\n|raw|Zappyzap01's rating: 1427 &rarr; <strong>1452</strong><br />(+25 for winning)\n|raw|azumarillsky's rating: 1519 &rarr; <strong>1494</strong><br />(-25 for losing)\n|l|\u2606azumarillsky\n|player|p2|\n|l|\u2606Zappyzap01\n|player|p1|\n",
  "uploadtime": 1776246400,
  "views": 65,
  "formatid": "gen9championsvgc2026regma",
  "rating": 1452,
  "private": 0,
  "password": null
}