{
  "id": "gen9championsvgc2026regma-2580442224",
  "format": "[Gen 9 Champions] VGC 2026 Reg M-A",
  "players": [
    "Entro",
    "Tava1on"
  ],
  "log": "|j|\u2606Entro\n|j|\u2606Tava1on\n|t:|1775897178\n|gametype|doubles\n|player|p1|Entro|leaf-masters2|1047\n|player|p2|Tava1on|265|1000\n|gen|9\n|tier|[Gen 9 Champions] VGC 2026 Reg M-A\n|rated|\n|rule|Species Clause: Limit one of each Pok\u00e9mon\n|rule|Item Clause: Limit 1 of each item\n|clearpoke\n|poke|p1|Victreebel, L50, M|\n|poke|p1|Incineroar, L50, F|\n|poke|p1|Orthworm, L50, F|\n|poke|p1|Garchomp, L50, F|\n|poke|p1|Zoroark-Hisui, L50, M|\n|poke|p1|Rotom-Frost, L50|\n|poke|p2|Chandelure, L50, F|\n|poke|p2|Kangaskhan, L50, F|\n|poke|p2|Kommo-o, L50, F|\n|poke|p2|Corviknight, L50, M|\n|poke|p2|Azumarill, L50, M|\n|poke|p2|Sinistcha, L50|\n|teampreview|4\nEntro rejected open team sheets.\n|inactive|Battle timer is ON: inactive players will automatically lose when time's up. (requested by Tava1on)\n|inactive|Tava1on has 60 seconds left.\n|\n|t:|1775897236\n|teamsize|p1|4\n|teamsize|p2|4\n|start\n|switch|p1a: Garchomp|Garchomp, L50, F|100/100\n|switch|p1b: Incineroar|Incineroar, L50, F|100/100\n|switch|p2a: Chandelure|Chandelure, L50, F|100/100\n|switch|p2b: Corviknight|Corviknight, L50, M|100/100\n|turn|1\n|\n|t:|1775897254\n|switch|p2b: Kommo-o|Kommo-o, L50, F|100/100\n|move|p1a: Garchomp|Flamethrower|p2b: Kommo-o\n|-resisted|p2b: Kommo-o|1\n|-damage|p2b: Kommo-o|92/100\n|move|p1b: Incineroar|Nasty Plot|p1b: Incineroar\n|-boost|p1b: Incineroar|spa|2\n|move|p2a: Chandelure|Trick Room|p2a: Chandelure\n|-fieldstart|move: Trick Room|[of] p2a: Chandelure\n|\n|upkeep\n|turn|2\n|\n|t:|1775897273\n|switch|p1a: Incineroar|Incineroar, L50, F|100/100\n|-ability|p1a: Incineroar|Intimidate|boost\n|-unboost|p2a: Chandelure|atk|1\n|-unboost|p2b: Kommo-o|atk|1\n|move|p2a: Chandelure|Heat Wave|p1a: Incineroar|[spread] p1a,p1b\n|-resisted|p1a: Incineroar|1\n|-damage|p1a: Incineroar|82/100\n|-damage|p1b: Incineroar|10/100\n|replace|p1b: Zoroark|Zoroark-Hisui, L50, M\n|-end|p1b: Zoroark|Illusion\n|move|p2b: Kommo-o|Clanging Scales|p1a: Incineroar|[spread] p1a,p1b\n|-damage|p1a: Incineroar|47/100\n|-damage|p1b: Zoroark|0 fnt\n|faint|p1b: Zoroark\n|-unboost|p2b: Kommo-o|def|1\n|\n|upkeep\n|\n|t:|1775897288\n|switch|p1b: Garchomp|Garchomp, L50, F|100/100\n|turn|3\n|-message|Entro forfeited.\n|\n|win|Tava1on\n|raw|Entro's rating: 1047 &rarr; <strong>1028</strong><br />(-19 for losing)\n|raw|Tava1on's rating: 1000 &rarr; <strong>1045</strong><br />(+45 for winning)\n|l|\u2606Entro\n|player|p1|\n",
  "uploadtime": 1775897301,
  "views": 42,
  "formatid": "gen9championsvgc2026regma",
  "rating": 1028,
  "private": 0,
  "password": null
}