{
  "id": "gen9championsvgc2026regma-2584955373",
  "format": "[Gen 9 Champions] VGC 2026 Reg M-A",
  "players": [
    "TobiasD3rd",
    "Leuloch"
  ],
  "log": "|j|\u2606TobiasD3rd\n|j|\u2606Leuloch\n|t:|1776297879\n|gametype|doubles\n|player|p1|TobiasD3rd|hilda|1053\n|player|p2|Leuloch|170|1100\n|gen|9\n|tier|[Gen 9 Champions] VGC 2026 Reg M-A\n|rated|\n|rule|Species Clause: Limit one of each Pok\u00e9mon\n|rule|Item Clause: Limit 1 of each item\n|clearpoke\n|poke|p1|Charizard, L50, F|\n|poke|p1|Venusaur, L50, M|\n|poke|p1|Whimsicott, L50, F|\n|poke|p1|Sneasler, L50, M|\n|poke|p1|Garchomp, L50, F|\n|poke|p1|Incineroar, L50, F|\n|poke|p2|Morpeko, L50, M|\n|poke|p2|Lopunny, L50, M|\n|poke|p2|Talonflame, L50, M|\n|poke|p2|Araquanid, L50, F|\n|poke|p2|Gengar, L50, M|\n|poke|p2|Garchomp, L50, M|\n|teampreview|4\n|inactive|Battle timer is ON: inactive players will automatically lose when time's up. (requested by Leuloch)\n|j| draco$eb7\n|inactive|Leuloch has 60 seconds left.\n|\n|t:|1776297924\n|teamsize|p1|4\n|teamsize|p2|4\n|start\n|switch|p1a: Charizard|Charizard, L50, F|100/100\n|switch|p1b: Whimsicott|Whimsicott, L50, F|100/100\n|switch|p2a: Lopunny|Lopunny, L50, M, shiny|100/100\n|switch|p2b: Garchomp|Garchomp, L50, M|100/100\n|turn|1\n|l|\u2606Leuloch\n|inactive|Leuloch disconnected and has a minute to reconnect!\n|player|p2|\n|\n|t:|1776297938\n|detailschange|p1a: Charizard|Charizard-Mega-Y, L50, F\n|-mega|p1a: Charizard|Charizard|Charizardite Y\n|-weather|SunnyDay|[from] ability: Drought|[of] p1a: Charizard\n|detailschange|p2a: Lopunny|Lopunny-Mega, L50, M, shiny\n|-mega|p2a: Lopunny|Lopunny|Lopunnite\n|move|p1a: Charizard|Protect|p1a: Charizard\n|-singleturn|p1a: Charizard|Protect\n|move|p2a: Lopunny|Fake Out|p1a: Charizard\n|-activate|p1a: Charizard|move: Protect\n|move|p1b: Whimsicott|Moonblast|p2b: Garchomp\n|-supereffective|p2b: Garchomp|1\n|-damage|p2b: Garchomp|0 fnt\n|faint|p2b: Garchomp\n|\n|-weather|SunnyDay|[upkeep]\n|upkeep\n|j|\u2606Leuloch\n|inactive|Leuloch reconnected and has 50 seconds left.\n|player|p2|Leuloch|170|\n|\n|t:|1776297960\n|switch|p2b: Gengar|Gengar, L50, M|100/100\n|turn|2\n|\n|t:|1776297980\n|move|p1b: Whimsicott|Moonblast|p2a: Lopunny\n|-supereffective|p2a: Lopunny|1\n|-damage|p2a: Lopunny|0 fnt\n|faint|p2a: Lopunny\n|move|p2b: Gengar|Sludge Bomb|p1b: Whimsicott\n|-supereffective|p1b: Whimsicott|2\n|-damage|p1b: Whimsicott|0 fnt\n|faint|p1b: Whimsicott\n|move|p1a: Charizard|Heat Wave|p2b: Gengar\n|-enditem|p2b: Gengar|Focus Sash\n|-damage|p2b: Gengar|1/100\n|\n|-weather|SunnyDay|[upkeep]\n|upkeep\n|l|\u2606Leuloch\n|inactive|Leuloch disconnected and has a minute to reconnect!\n|player|p2|\n|inactive|Leuloch has 30 seconds left.\n|inactive|Leuloch has 20 seconds left.\n|inactive|Leuloch has 15 seconds left.\n|inactive|Leuloch has 10 seconds left.\n|inactive|Leuloch has 5 seconds left.\n|-message|Leuloch lost due to inactivity.\n|\n|win|TobiasD3rd\n|raw|TobiasD3rd's rating: 1053 &rarr; <strong>1089</strong><br />(+36 for winning)\n|raw|Leuloch's rating: 1100 &rarr; <strong>1072</strong><br />(-28 for losing)\n|l|\u2606TobiasD3rd\n|player|p1|\n",
  "uploadtime": 1776298042,
  "views": 16,
  "formatid": "gen9championsvgc2026regma",
  "rating": 1072,
  "private": 0,
  "password": null
}