{
  "id": "gen9championsvgc2026regma-2580994264",
  "format": "[Gen 9 Champions] VGC 2026 Reg M-A",
  "players": [
    "Patty Millz",
    "mrpoopass"
  ],
  "log": "|j|\u2606Patty Millz\n|j|\u2606mrpoopass\n|t:|1775949934\n|gametype|doubles\n|player|p1|Patty Millz|169|1129\n|player|p2|mrpoopass|blaine|1118\n|gen|9\n|tier|[Gen 9 Champions] VGC 2026 Reg M-A\n|rated|\n|rule|Species Clause: Limit one of each Pok\u00e9mon\n|rule|Item Clause: Limit 1 of each item\n|clearpoke\n|poke|p1|Dragonite, L50, F|\n|poke|p1|Pelipper, L50, F|\n|poke|p1|Palafin, L50, M|\n|poke|p1|Sneasler, L50, M|\n|poke|p1|Archaludon, L50, M|\n|poke|p1|Froslass, L50, F|\n|poke|p2|Scovillain, L50, M|\n|poke|p2|Tyranitar, L50, M|\n|poke|p2|Basculegion, L50, M|\n|poke|p2|Milotic, L50, F|\n|poke|p2|Excadrill, L50, F|\n|poke|p2|Sylveon, L50, M|\n|teampreview|4\n|inactive|Battle timer is ON: inactive players will automatically lose when time's up. (requested by mrpoopass)\n|inactive|Patty Millz has 60 seconds left.\n|inactive|mrpoopass has 60 seconds left.\n|\n|t:|1775949988\n|teamsize|p1|4\n|teamsize|p2|4\n|start\n|switch|p1a: Palafin|Palafin, L50, M|100/100\n|switch|p1b: Pelipper|Pelipper, L50, F|100/100\n|switch|p2a: Basculegion|Basculegion, L50, M|100/100\n|switch|p2b: Sylveon|Sylveon, L50, M|100/100\n|-weather|RainDance|[from] ability: Drizzle|[of] p1b: Pelipper\n|turn|1\n|l|\u2606Patty Millz\n|inactive|Patty Millz disconnected and has a minute to reconnect!\n|player|p1|\n|inactive|Patty Millz has 30 seconds left.\n|j|\u2606Patty Millz\n|inactive|Patty Millz reconnected and has 30 seconds left.\n|player|p1|Patty Millz|169|\n|inactive|Patty Millz has 20 seconds left.\n|\n|t:|1775950027\n|switch|p1b: Archaludon|Archaludon, L50, M|100/100\n|move|p2a: Basculegion|Flip Turn|p1b: Archaludon\n|-resisted|p1b: Archaludon|1\n|-damage|p1b: Archaludon|81/100\n|-ability|p1b: Archaludon|Stamina|boost\n|-boost|p1b: Archaludon|def|1\n|\n|t:|1775950034\n|switch|p2a: Tyranitar|Tyranitar, L50, M|100/100|[from] Flip Turn\n|-weather|Sandstorm|[from] ability: Sand Stream|[of] p2a: Tyranitar\n|move|p1a: Palafin|Flip Turn|p2b: Sylveon\n|-damage|p2b: Sylveon|67/100\n|\n|t:|1775950042\n|detailschange|p1a: Palafin|Palafin-Hero, L50, M\n|switch|p1a: Pelipper|Pelipper, L50, F|100/100|[from] Flip Turn\n|-weather|RainDance|[from] ability: Drizzle|[of] p1a: Pelipper\n|move|p2b: Sylveon|Hyper Voice|p1a: Pelipper|[spread] p1a,p1b\n|-damage|p1a: Pelipper|13/100\n|-damage|p1b: Archaludon|18/100\n|-ability|p1b: Archaludon|Stamina|boost\n|-boost|p1b: Archaludon|def|1\n|\n|-weather|RainDance|[upkeep]\n|-heal|p1b: Archaludon|24/100|[from] item: Leftovers\n|upkeep\n|turn|2\n|inactive|mrpoopass has 30 seconds left.\n|\n|t:|1775950076\n|detailschange|p2a: Tyranitar|Tyranitar-Mega, L50, M\n|-mega|p2a: Tyranitar|Tyranitar|Tyranitarite\n|-weather|Sandstorm|[from] ability: Sand Stream|[of] p2a: Tyranitar\n|move|p2b: Sylveon|Quick Attack|p1a: Pelipper\n|-damage|p1a: Pelipper|0 fnt\n|faint|p1a: Pelipper\n|move|p1b: Archaludon|Flash Cannon|p2b: Sylveon\n|-supereffective|p2b: Sylveon|1\n|-damage|p2b: Sylveon|2/100\n|move|p2a: Tyranitar|High Horsepower|p1b: Archaludon\n|-supereffective|p1b: Archaludon|1\n|-damage|p1b: Archaludon|0 fnt\n|faint|p1b: Archaludon\n|\n|-weather|Sandstorm|[upkeep]\n|-damage|p2b: Sylveon|0 fnt|[from] Sandstorm\n|faint|p2b: Sylveon\n|upkeep\n|inactive|mrpoopass has 30 seconds left.\n|\n|t:|1775950103\n|switch|p1a: Palafin|Palafin-Hero, L50, M|100/100\n|switch|p1b: Dragonite|Dragonite, L50, F|100/100\n|switch|p2b: Excadrill|Excadrill, L50, F|100/100\n|-activate|p1a: Palafin|ability: Zero to Hero\n|turn|3\n|\n|t:|1775950117\n|detailschange|p1b: Dragonite|Dragonite-Mega, L50, F\n|-mega|p1b: Dragonite|Dragonite|Dragoninite\n|move|p2b: Excadrill|Rock Slide|p1a: Palafin|[spread] p1a,p1b\n|-supereffective|p1b: Dragonite|1\n|-damage|p1a: Palafin|80/100\n|-damage|p1b: Dragonite|81/100\n|cant|p1a: Palafin|flinch\n|move|p1b: Dragonite|Draco Meteor|p2a: Tyranitar\n|-damage|p2a: Tyranitar|61/100\n|-unboost|p1b: Dragonite|spa|2\n|move|p2a: Tyranitar|Rock Slide|p1a: Palafin|[spread] p1a,p1b\n|-supereffective|p1b: Dragonite|1\n|-damage|p1a: Palafin|42/100\n|-damage|p1b: Dragonite|2/100\n|\n|-weather|Sandstorm|[upkeep]\n|-damage|p1a: Palafin|36/100|[from] Sandstorm\n|-damage|p1b: Dragonite|0 fnt|[from] Sandstorm\n|faint|p1b: Dragonite\n|upkeep\n|turn|4\n|\n|t:|1775950135\n|move|p2a: Tyranitar|Protect|p2a: Tyranitar\n|-singleturn|p2a: Tyranitar|Protect\n|move|p1a: Palafin|Jet Punch|p2a: Tyranitar\n|-activate|p2a: Tyranitar|move: Protect\n|move|p2b: Excadrill|Earthquake|p1a: Palafin|[spread] p1a\n|-activate|p2a: Tyranitar|move: Protect\n|-damage|p1a: Palafin|0 fnt\n|faint|p1a: Palafin\n|\n|win|mrpoopass\n|raw|Patty Millz's rating: 1129 &rarr; <strong>1103</strong><br />(-26 for losing)\n|raw|mrpoopass's rating: 1118 &rarr; <strong>1144</strong><br />(+26 for winning)\n|l|\u2606Patty Millz\n|player|p1|\n",
  "uploadtime": 1775950215,
  "views": 20,
  "formatid": "gen9championsvgc2026regma",
  "rating": 1103,
  "private": 0,
  "password": null
}