{
  "id": "gen9championsvgc2026regma-2587650527",
  "format": "[Gen 9 Champions] VGC 2026 Reg M-A",
  "players": [
    "Afr1995",
    "Phayeta"
  ],
  "log": "|j|\u2606Afr1995\n|j|\u2606Phayeta\n|t:|1776550429\n|gametype|doubles\n|player|p1|Afr1995|101|1215\n|player|p2|Phayeta|iris-gen5bw2|1124\n|gen|9\n|tier|[Gen 9 Champions] VGC 2026 Reg M-A\n|rated|\n|rule|Species Clause: Limit one of each Pok\u00e9mon\n|rule|Item Clause: Limit 1 of each item\n|clearpoke\n|poke|p1|Dragonite, L50, F|\n|poke|p1|Starmie, L50|\n|poke|p1|Pelipper, L50, F|\n|poke|p1|Basculegion, L50, M|\n|poke|p1|Incineroar, L50, M|\n|poke|p1|Sneasler, L50, M|\n|poke|p2|Talonflame, L50, M|\n|poke|p2|Gardevoir, L50, M, shiny|\n|poke|p2|Empoleon, L50, M|\n|poke|p2|Garchomp, L50, F|\n|poke|p2|Rotom-Mow, L50|\n|poke|p2|Sneasler, L50, M|\n|teampreview|4\n|j| p3elz\n|l| p3elz\n|inactive|Battle timer is ON: inactive players will automatically lose when time's up. (requested by Afr1995)\n|\n|t:|1776550476\n|teamsize|p1|4\n|teamsize|p2|4\n|start\n|switch|p1a: Incineroar|Incineroar, L50, M|100/100\n|switch|p1b: Sneasler|Sneasler, L50, M|100/100\n|switch|p2a: Empoleon|Empoleon, L50, M|100/100\n|switch|p2b: Talonflame|Talonflame, L50, M|100/100\n|-ability|p1a: Incineroar|Intimidate|boost\n|-unboost|p2a: Empoleon|atk|1\n|-ability|p2a: Empoleon|Competitive|boost\n|-boost|p2a: Empoleon|spa|2\n|-unboost|p2b: Talonflame|atk|1\n|turn|1\n|\n|t:|1776550491\n|move|p2b: Talonflame|Quick Guard|p2b: Talonflame\n|-singleturn|p2b: Talonflame|Quick Guard\n|move|p1a: Incineroar|Fake Out|p2b: Talonflame\n|-activate|p2b: Talonflame|move: Quick Guard\n|move|p1b: Sneasler|Close Combat|p2a: Empoleon\n|-supereffective|p2a: Empoleon|1\n|-damage|p2a: Empoleon|0 fnt\n|-unboost|p1b: Sneasler|def|1\n|-unboost|p1b: Sneasler|spd|1\n|faint|p2a: Empoleon\n|-enditem|p1b: Sneasler|White Herb\n|-clearnegativeboost|p1b: Sneasler|[silent]\n|\n|upkeep\n|\n|t:|1776550502\n|switch|p2a: Gardevoir|Gardevoir, L50, M, shiny|100/100\n|turn|2\n|\n|t:|1776550521\n|detailschange|p2a: Gardevoir|Gardevoir-Mega, L50, M, shiny\n|-mega|p2a: Gardevoir|Gardevoir|Gardevoirite\n|move|p2b: Talonflame|Tailwind|p2b: Talonflame\n|-sidestart|p2: Phayeta|move: Tailwind\n|move|p1b: Sneasler|Dire Claw|p2a: Gardevoir\n|-supereffective|p2a: Gardevoir|1\n|-damage|p2a: Gardevoir|0 fnt\n|faint|p2a: Gardevoir\n|move|p1a: Incineroar|Lash Out|p2b: Talonflame\n|-damage|p2b: Talonflame|58/100\n|\n|upkeep\n|-message|Phayeta forfeited.\n|\n|win|Afr1995\n|raw|Afr1995's rating: 1215 &rarr; <strong>1234</strong><br />(+19 for winning)\n|raw|Phayeta's rating: 1124 &rarr; <strong>1105</strong><br />(-19 for losing)\n|l|\u2606Phayeta\n|player|p2|\n",
  "uploadtime": 1776550546,
  "views": 18,
  "formatid": "gen9championsvgc2026regma",
  "rating": 1105,
  "private": 0,
  "password": null
}