{
  "id": "gen9championsvgc2026regma-2583685585",
  "format": "[Gen 9 Champions] VGC 2026 Reg M-A",
  "players": [
    "Vezar0ot1",
    "Eligoth"
  ],
  "log": "|j|\u2606Vezar0ot1\n|j|\u2606Eligoth\n|t:|1776190953\n|gametype|doubles\n|player|p1|Vezar0ot1|265|1054\n|player|p2|Eligoth|miku-fairy|1105\n|gen|9\n|tier|[Gen 9 Champions] VGC 2026 Reg M-A\n|rated|\n|rule|Species Clause: Limit one of each Pok\u00e9mon\n|rule|Item Clause: Limit 1 of each item\n|clearpoke\n|poke|p1|Excadrill, L50, M|\n|poke|p1|Tyranitar, L50, M|\n|poke|p1|Kommo-o, L50, F|\n|poke|p1|Sinistcha, L50|\n|poke|p1|Orthworm, L50, F|\n|poke|p1|Klefki, L50, F|\n|poke|p2|Volcarona, L50, M|\n|poke|p2|Tyranitar, L50, F|\n|poke|p2|Whimsicott, L50, F|\n|poke|p2|Rotom-Wash, L50|\n|poke|p2|Froslass, L50, F|\n|poke|p2|Sneasler, L50, M|\n|teampreview|4\n|inactive|Battle timer is ON: inactive players will automatically lose when time's up. (requested by Vezar0ot1)\n|\n|t:|1776190989\n|teamsize|p1|4\n|teamsize|p2|4\n|start\n|switch|p1a: Klefki|Klefki, L50, F, shiny|100/100\n|switch|p1b: Orthworm|Orthworm, L50, F|100/100\n|switch|p2a: Sneasler|Sneasler, L50, M|100/100\n|switch|p2b: Whimsicott|Whimsicott, L50, F|100/100\n|turn|1\n|\n|t:|1776191012\n|move|p2a: Sneasler|Fake Out|p1a: Klefki\n|-resisted|p1a: Klefki|1\n|-damage|p1a: Klefki|92/100\n|move|p2b: Whimsicott|Taunt|p1b: Orthworm\n|-start|p1b: Orthworm|move: Taunt\n|cant|p1a: Klefki|flinch\n|cant|p1b: Orthworm|move: Taunt|Shed Tail\n|\n|upkeep\n|turn|2\n|\n|t:|1776191025\n|switch|p1b: Excadrill|Excadrill, L50, M, shiny|100/100\n|move|p2b: Whimsicott|Taunt|p1a: Klefki\n|-start|p1a: Klefki|move: Taunt\n|cant|p1a: Klefki|move: Taunt|Sandstorm\n|move|p2a: Sneasler|Close Combat|p1b: Excadrill\n|-supereffective|p1b: Excadrill|1\n|-damage|p1b: Excadrill|0 fnt\n|-unboost|p2a: Sneasler|def|1\n|-unboost|p2a: Sneasler|spd|1\n|faint|p1b: Excadrill\n|-enditem|p2a: Sneasler|White Herb\n|-clearnegativeboost|p2a: Sneasler|[silent]\n|\n|upkeep\n|c|\u2606Eligoth|yikes\n|\n|t:|1776191036\n|switch|p1b: Tyranitar|Tyranitar, L50, M|100/100\n|-weather|Sandstorm|[from] ability: Sand Stream|[of] p1b: Tyranitar\n|turn|3\n|\n|t:|1776191051\n|detailschange|p1b: Tyranitar|Tyranitar-Mega, L50, M\n|-mega|p1b: Tyranitar|Tyranitar|Tyranitarite\n|move|p2b: Whimsicott|Tailwind|p2b: Whimsicott\n|-sidestart|p2: Eligoth|move: Tailwind\n|move|p2a: Sneasler|Close Combat|p1b: Tyranitar\n|-supereffective|p1b: Tyranitar|2\n|-damage|p1b: Tyranitar|0 fnt\n|-unboost|p2a: Sneasler|def|1\n|-unboost|p2a: Sneasler|spd|1\n|faint|p1b: Tyranitar\n|-activate|p1a: Klefki|move: Struggle\n|move|p1a: Klefki|Struggle|p2b: Whimsicott\n|-damage|p2b: Whimsicott|93/100\n|-damage|p1a: Klefki|67/100|[from] recoil\n|\n|-weather|Sandstorm|[upkeep]\n|-damage|p2a: Sneasler|94/100|[from] Sandstorm\n|-damage|p2b: Whimsicott|87/100|[from] Sandstorm\n|upkeep\n|\n|t:|1776191057\n|switch|p1b: Orthworm|Orthworm, L50, F|100/100\n|turn|4\n|-message|Vezar0ot1 forfeited.\n|\n|win|Eligoth\n|raw|Vezar0ot1's rating: 1054 &rarr; <strong>1039</strong><br />(-15 for losing)\n|raw|Eligoth's rating: 1105 &rarr; <strong>1126</strong><br />(+21 for winning)\n|l|\u2606Vezar0ot1\n|player|p1|\n",
  "uploadtime": 1776191062,
  "views": 23,
  "formatid": "gen9championsvgc2026regma",
  "rating": 1039,
  "private": 0,
  "password": null
}