{
  "id": "gen9championsvgc2026regma-2584961602",
  "format": "[Gen 9 Champions] VGC 2026 Reg M-A",
  "players": [
    "setingba",
    "rami0899"
  ],
  "log": "|j|\u2606setingba\n|j|\u2606rami0899\n|t:|1776298471\n|gametype|doubles\n|player|p1|setingba|nate|1080\n|player|p2|rami0899|266|1000\n|gen|9\n|tier|[Gen 9 Champions] VGC 2026 Reg M-A\n|rated|\n|rule|Species Clause: Limit one of each Pok\u00e9mon\n|rule|Item Clause: Limit 1 of each item\n|clearpoke\n|poke|p1|Gengar, L50, F|\n|poke|p1|Abomasnow, L50, F|\n|poke|p1|Rotom-Wash, L50|\n|poke|p1|Incineroar, L50, F|\n|poke|p1|Corviknight, L50, M|\n|poke|p1|Aegislash, L50, M|\n|poke|p2|Sneasler, L50, M|\n|poke|p2|Dragonite, L50, F|\n|poke|p2|Pelipper, L50, M|\n|poke|p2|Archaludon, L50, F|\n|poke|p2|Aegislash, L50, F|\n|poke|p2|Basculegion, L50, M|\n|teampreview|4\n|\n|t:|1776298532\n|teamsize|p1|4\n|teamsize|p2|4\n|start\n|switch|p1a: Gengar|Gengar, L50, F, shiny|100/100\n|switch|p1b: Aegislash|Aegislash, L50, M|100/100\n|switch|p2a: Pelipper|Pelipper, L50, M|100/100\n|switch|p2b: Archaludon|Archaludon, L50, F|100/100\n|-weather|RainDance|[from] ability: Drizzle|[of] p2a: Pelipper\n|turn|1\n|inactive|Battle timer is ON: inactive players will automatically lose when time's up. (requested by setingba)\n|inactive|setingba has 60 seconds left.\n|inactive|setingba has 30 seconds left.\n|inactive|setingba has 20 seconds left.\n|inactive|setingba has 15 seconds left.\n|\n|t:|1776298613\n|detailschange|p1a: Gengar|Gengar-Mega, L50, F, shiny\n|-mega|p1a: Gengar|Gengar|Gengarite\n|move|p1b: Aegislash|Wide Guard|p1b: Aegislash\n|-singleturn|p1b: Aegislash|Wide Guard\n|move|p1a: Gengar|Shadow Ball|p2b: Archaludon\n|-damage|p2b: Archaludon|44/100\n|-ability|p2b: Archaludon|Stamina|boost\n|-boost|p2b: Archaludon|def|1\n|move|p2a: Pelipper|Tailwind|p2a: Pelipper\n|-sidestart|p2: rami0899|move: Tailwind\n|move|p2b: Archaludon|Electro Shot||[still]\n|-prepare|p2b: Archaludon|Electro Shot\n|-boost|p2b: Archaludon|spa|1\n|-anim|p2b: Archaludon|Electro Shot|p1a: Gengar\n|-damage|p1a: Gengar|12/100\n|\n|-weather|RainDance|[upkeep]\n|-heal|p2b: Archaludon|50/100|[from] item: Leftovers\n|upkeep\n|turn|2\n|inactive|setingba has 30 seconds left.\n|inactive|setingba has 20 seconds left.\n|inactive|setingba has 15 seconds left.\n|inactive|setingba has 10 seconds left.\n|inactive|setingba has 5 seconds left.\n|\n|t:|1776298665\n|move|p2b: Archaludon|Protect|p2b: Archaludon\n|-singleturn|p2b: Archaludon|Protect\n|move|p2a: Pelipper|Weather Ball|p1a: Gengar\n|-damage|p1a: Gengar|0 fnt\n|faint|p1a: Gengar\n|-formechange|p1b: Aegislash|Aegislash-Blade|\n|move|p1b: Aegislash|Shadow Ball|p2b: Archaludon\n|-activate|p2b: Archaludon|move: Protect\n|\n|-weather|RainDance|[upkeep]\n|-heal|p2b: Archaludon|56/100|[from] item: Leftovers\n|upkeep\n|\n|t:|1776298677\n|switch|p1a: Incineroar|Incineroar, L50, F|100/100\n|-ability|p1a: Incineroar|Intimidate|boost\n|-unboost|p2a: Pelipper|atk|1\n|-unboost|p2b: Archaludon|atk|1\n|turn|3\n|\n|t:|1776298698\n|move|p2a: Pelipper|Weather Ball|p1a: Incineroar\n|-supereffective|p1a: Incineroar|1\n|-damage|p1a: Incineroar|0 fnt\n|faint|p1a: Incineroar\n|move|p2b: Archaludon|Electro Shot||[still]\n|-prepare|p2b: Archaludon|Electro Shot\n|-boost|p2b: Archaludon|spa|1\n|-anim|p2b: Archaludon|Electro Shot|p1b: Aegislash\n|-damage|p1b: Aegislash|0 fnt\n|faint|p1b: Aegislash\n|\n|-weather|RainDance|[upkeep]\n|-heal|p2b: Archaludon|62/100|[from] item: Leftovers\n|upkeep\n|\n|t:|1776298710\n|switch|p1a: Rotom|Rotom-Wash, L50|100/100\n|turn|4\n|\n|t:|1776298729\n|move|p2a: Pelipper|Hurricane|p1a: Rotom\n|-resisted|p1a: Rotom|1\n|-damage|p1a: Rotom|82/100\n|-start|p1a: Rotom|confusion\n|move|p2b: Archaludon|Electro Shot||[still]\n|-prepare|p2b: Archaludon|Electro Shot\n|-boost|p2b: Archaludon|spa|1\n|-anim|p2b: Archaludon|Electro Shot|p1a: Rotom\n|-damage|p1a: Rotom|0 fnt\n|faint|p1a: Rotom\n|\n|win|rami0899\n|raw|setingba's rating: 1080 &rarr; <strong>1053</strong><br />(-27 for losing)\n|raw|rami0899's rating: 1000 &rarr; <strong>1049</strong><br />(+49 for winning)\n|l|\u2606setingba\n|player|p1|\n",
  "uploadtime": 1776298766,
  "views": 18,
  "formatid": "gen9championsvgc2026regma",
  "rating": 1049,
  "private": 0,
  "password": null
}