{
  "id": "gen9championsvgc2026regma-2587270924",
  "format": "[Gen 9 Champions] VGC 2026 Reg M-A",
  "players": [
    "Sublox",
    "yyssummer"
  ],
  "log": "|j|\u2606Sublox\n|j|\u2606yyssummer\n|t:|1776516784\n|gametype|doubles\n|player|p1|Sublox|169|1149\n|player|p2|yyssummer|1|1210\n|gen|9\n|tier|[Gen 9 Champions] VGC 2026 Reg M-A\n|rated|\n|rule|Species Clause: Limit one of each Pok\u00e9mon\n|rule|Item Clause: Limit 1 of each item\n|clearpoke\n|poke|p1|Floette-Eternal, L50, F|\n|poke|p1|Talonflame, L50, M|\n|poke|p1|Glimmora, L50, F|\n|poke|p1|Garchomp, L50, F|\n|poke|p1|Corviknight, L50, M|\n|poke|p1|Maushold-Four, L50|\n|poke|p2|Aerodactyl, L50, M, shiny|\n|poke|p2|Farigiraf, L50, F, shiny|\n|poke|p2|Sneasler, L50, M|\n|poke|p2|Meowscarada, L50, M|\n|poke|p2|Primarina, L50, M, shiny|\n|poke|p2|Camerupt, L50, F, shiny|\n|teampreview|4\n|\n|t:|1776516823\n|teamsize|p1|4\n|teamsize|p2|4\n|start\n|switch|p1a: Garchomp|Garchomp, L50, F|100/100\n|switch|p1b: Floette|Floette-Eternal, L50, F|100/100\n|switch|p2a: Farigiraf|Farigiraf, L50, F, shiny|100/100\n|switch|p2b: Primarina|Primarina, L50, M, shiny|100/100\n|turn|1\n|\n|t:|1776516846\n|detailschange|p1a: Garchomp|Garchomp-Mega, L50, F\n|-mega|p1a: Garchomp|Garchomp|Garchompite\n|move|p1b: Floette|Dazzling Gleam|p2a: Farigiraf|[spread] p2a,p2b\n|-damage|p2a: Farigiraf|66/100\n|-damage|p2b: Primarina|73/100\n|move|p1a: Garchomp|Dragon Claw|p2a: Farigiraf\n|-damage|p2a: Farigiraf|28/100\n|-enditem|p2a: Farigiraf|Sitrus Berry|[eat]\n|-heal|p2a: Farigiraf|53/100|[from] item: Sitrus Berry\n|move|p2b: Primarina|Hyper Voice|p1b: Floette|[spread] p1a,p1b\n|-damage|p1a: Garchomp|64/100\n|-damage|p1b: Floette|64/100\n|move|p2a: Farigiraf|Trick Room|p2a: Farigiraf\n|-fieldstart|move: Trick Room|[of] p2a: Farigiraf\n|\n|upkeep\n|turn|2\n|\n|t:|1776516870\n|switch|p1b: Corviknight|Corviknight, L50, M|100/100\n|move|p2b: Primarina|Moonblast|p1a: Garchomp\n|-supereffective|p1a: Garchomp|1\n|-damage|p1a: Garchomp|0 fnt\n|faint|p1a: Garchomp\n|move|p2a: Farigiraf|Imprison|p2a: Farigiraf\n|-start|p2a: Farigiraf|move: Imprison\n|\n|upkeep\n|\n|t:|1776516887\n|switch|p1a: Floette|Floette-Eternal, L50, F|64/100\n|turn|3\n|-message|Sublox forfeited.\n|\n|win|yyssummer\n|raw|Sublox's rating: 1149 &rarr; <strong>1128</strong><br />(-21 for losing)\n|raw|yyssummer's rating: 1210 &rarr; <strong>1231</strong><br />(+21 for winning)\n|l|\u2606Sublox\n|player|p1|\n",
  "uploadtime": 1776516899,
  "views": 32,
  "formatid": "gen9championsvgc2026regma",
  "rating": 1128,
  "private": 0,
  "password": null
}