{
  "id": "gen9championsvgc2026regma-2586230358",
  "format": "[Gen 9 Champions] VGC 2026 Reg M-A",
  "players": [
    "woshin00b",
    "itina99"
  ],
  "log": "|j|\u2606woshin00b\n|j|\u2606itina99\n|html|<table width=\"100%\"><tr><td align=\"left\">woshin00b</td><td align=\"right\">itina99</tr><tr><td align=\"left\"><i class=\"fa fa-circle-o\"></i> <i class=\"fa fa-circle-o\"></i> </td><td align=\"right\"><i class=\"fa fa-circle-o\"></i> <i class=\"fa fa-circle\"></i> </tr></table>\n|uhtml|bestof|<h2><strong>Game 2</strong> of <a href=\"/game-bestof3-gen9championsvgc2026regma-2586227239\">a best-of-3</a></h2>\n|t:|1776415101\n|gametype|doubles\n|player|p1|woshin00b|youngcouple-gen4dp|\n|player|p2|itina99|n|\n|gen|9\n|tier|[Gen 9 Champions] VGC 2026 Reg M-A\n|rated|Tournament battle\n|rule|Species Clause: Limit one of each Pok\u00e9mon\n|rule|Item Clause: Limit 1 of each item\n|raw|<div class=\"infobox\"><details class=\"readmore\" open><summary><strong>2 custom rules:</strong></summary> Force Open Team Sheets, Best of = 3</details></div>\n|clearpoke\n|poke|p1|Torkoal, L50, M|\n|poke|p1|Venusaur, L50, F|\n|poke|p1|Slowbro, L50, F|\n|poke|p1|Sableye, L50, F|\n|poke|p1|Basculegion, L50, M|\n|poke|p1|Kommo-o, L50, F|\n|poke|p2|Basculegion, L50, M|\n|poke|p2|Sinistcha, L50|\n|poke|p2|Incineroar, L50, F|\n|poke|p2|Whimsicott, L50, M|\n|poke|p2|Sylveon, L50, M|\n|poke|p2|Lucario, L50, M|\n|teampreview|4\n|showteam|p1|Torkoal||Charcoal|Drought|Eruption,EarthPower,WeatherBall,Protect|||M|||50|]Venusaur||FocusSash|Chlorophyll|EarthPower,Protect,LeafStorm,SludgeBomb|||F|||50|]Slowbro||Slowbronite|Oblivious|TrickRoom,IceBeam,Psychic,Scald|||F|||50|]Sableye||RoseliBerry|Prankster|FakeOut,PainSplit,Encore,Substitute|||F|||50|]Basculegion||ChoiceScarf|Adaptability|FlipTurn,WaveCrash,LastRespects,PsychicFangs|||M|||50|]Kommo-o||SitrusBerry|Soundproof|AuraSphere,DracoMeteor,Protect,VacuumWave|||F|||50|\n|showteam|p2|Basculegion||ChoiceScarf|Adaptability|WaveCrash,FlipTurn,LastRespects,AquaJet|||M|||50|]Sinistcha||MiracleSeed|Hospitality|MatchaGotcha,ShadowBall,RagePowder,Protect||||||50|]Incineroar||SitrusBerry|Intimidate|FakeOut,FlareBlitz,ThroatChop,PartingShot|||F|||50|]Whimsicott||FocusSash|Prankster|Moonblast,Tailwind,Encore,Protect|||M|||50|]Sylveon||FairyFeather|Pixilate|HyperVoice,QuickAttack,Yawn,Protect|||M|||50|]Lucario||Lucarionite|InnerFocus|CloseCombat,MeteorMash,BulletPunch,Protect|||M|||50|\n|j| OnToTheOther\n|j| scottishinterista\n|\n|t:|1776415139\n|teamsize|p1|4\n|teamsize|p2|4\n|start\n|switch|p1a: Slowbro|Slowbro, L50, F|100/100\n|switch|p1b: Venusaur|Venusaur, L50, F|100/100\n|switch|p2a: Basculegion|Basculegion, L50, M|100/100\n|switch|p2b: Sinistcha|Sinistcha, L50|100/100\n|turn|1\n|\n|t:|1776415162\n|detailschange|p1a: Slowbro|Slowbro-Mega, L50, F\n|-mega|p1a: Slowbro|Slowbro|Slowbronite\n|move|p1b: Venusaur|Protect|p1b: Venusaur\n|-singleturn|p1b: Venusaur|Protect\n|move|p2a: Basculegion|Flip Turn|p1a: Slowbro\n|-resisted|p1a: Slowbro|1\n|-damage|p1a: Slowbro|90/100\n|j| porygon-epilepz\n|\n|t:|1776415172\n|switch|p2a: Sylveon|Sylveon, L50, M, shiny|100/100|[from] Flip Turn\n|move|p2b: Sinistcha|Shadow Ball|p1a: Slowbro\n|-supereffective|p1a: Slowbro|1\n|-damage|p1a: Slowbro|14/100\n|move|p1a: Slowbro|Trick Room|p1a: Slowbro\n|-fieldstart|move: Trick Room|[of] p1a: Slowbro\n|\n|upkeep\n|turn|2\n|l| porygon-epilepz\n|\n|t:|1776415189\n|move|p1a: Slowbro|Ice Beam|p2b: Sinistcha\n|-supereffective|p2b: Sinistcha|1\n|-damage|p2b: Sinistcha|20/100\n|move|p2a: Sylveon|Hyper Voice|p1a: Slowbro|[spread] p1a,p1b\n|-resisted|p1b: Venusaur|1\n|-damage|p1a: Slowbro|0 fnt\n|-damage|p1b: Venusaur|74/100\n|faint|p1a: Slowbro\n|move|p2b: Sinistcha|Matcha Gotcha|p1b: Venusaur\n|-resisted|p1b: Venusaur|2\n|-damage|p1b: Venusaur|60/100\n|-heal|p2b: Sinistcha|26/100|[from] drain|[of] p1b: Venusaur\n|move|p1b: Venusaur|Sludge Bomb|p2b: Sinistcha\n|-damage|p2b: Sinistcha|0 fnt\n|faint|p2b: Sinistcha\n|\n|upkeep\n|\n|t:|1776415202\n|switch|p1a: Torkoal|Torkoal, L50, M|100/100\n|switch|p2b: Basculegion|Basculegion, L50, M|100/100\n|-weather|SunnyDay|[from] ability: Drought|[of] p1a: Torkoal\n|turn|3\n|\n|t:|1776415213\n|move|p1b: Venusaur|Protect|p1b: Venusaur\n|-singleturn|p1b: Venusaur|Protect\n|move|p2b: Basculegion|Aqua Jet|p1a: Torkoal\n|-supereffective|p1a: Torkoal|1\n|-damage|p1a: Torkoal|78/100\n|move|p1a: Torkoal|Eruption|p2b: Basculegion|[spread] p2a,p2b\n|-resisted|p2b: Basculegion|1\n|-damage|p2a: Sylveon|54/100\n|-damage|p2b: Basculegion|60/100\n|move|p2a: Sylveon|Hyper Voice|p1a: Torkoal|[spread] p1a\n|-activate|p1b: Venusaur|move: Protect\n|-resisted|p1a: Torkoal|1\n|-damage|p1a: Torkoal|46/100\n|\n|-weather|SunnyDay|[upkeep]\n|upkeep\n|turn|4\n|\n|t:|1776415269\n|move|p2b: Basculegion|Aqua Jet|p1a: Torkoal\n|-supereffective|p1a: Torkoal|1\n|-crit|p1a: Torkoal\n|-damage|p1a: Torkoal|14/100\n|move|p1a: Torkoal|Weather Ball|p2a: Sylveon\n|-damage|p2a: Sylveon|0 fnt\n|faint|p2a: Sylveon\n|move|p1b: Venusaur|Leaf Storm|p2b: Basculegion\n|-supereffective|p2b: Basculegion|1\n|-damage|p2b: Basculegion|0 fnt\n|-unboost|p1b: Venusaur|spa|2\n|faint|p2b: Basculegion\n|\n|-weather|SunnyDay|[upkeep]\n|upkeep\n|-message|itina99 forfeited.\n|\n|win|woshin00b\n",
  "uploadtime": 1776415168,
  "views": 16,
  "formatid": "gen9championsvgc2026regma",
  "rating": null,
  "private": 0,
  "password": null
}