{
  "id": "gen9championsvgc2026regma-2581050234",
  "format": "[Gen 9 Champions] VGC 2026 Reg M-A",
  "players": [
    "bluejayx2",
    "SmeHydreiGone"
  ],
  "log": "|j|\u203dbluejayx2\n|j|\u2606SmeHydreiGone\n|t:|1775955168\n|gametype|doubles\n|player|p1|bluejayx2|marley|1080\n|player|p2|SmeHydreiGone|roxie|1156\n|gen|9\n|tier|[Gen 9 Champions] VGC 2026 Reg M-A\n|rated|\n|rule|Species Clause: Limit one of each Pok\u00e9mon\n|rule|Item Clause: Limit 1 of each item\n|clearpoke\n|poke|p1|Beedrill, L50, F|\n|poke|p1|Absol, L50, F|\n|poke|p1|Clefable, L50, F|\n|poke|p1|Aerodactyl, L50, F|\n|poke|p1|Chandelure, L50, F|\n|poke|p1|Milotic, L50, F|\n|poke|p2|Dragonite, L50, F|\n|poke|p2|Volcarona, L50, M|\n|poke|p2|Whimsicott, L50, F|\n|poke|p2|Corviknight, L50, M|\n|poke|p2|Froslass, L50, F|\n|poke|p2|Garchomp, L50, M|\n|teampreview|4\n|inactive|Battle timer is ON: inactive players will automatically lose when time's up. (requested by bluejayx2)\n|inactive|bluejayx2 has 60 seconds left.\n|inactive|SmeHydreiGone has 60 seconds left.\n|\n|t:|1775955213\n|teamsize|p1|4\n|teamsize|p2|4\n|start\n|switch|p1a: Chandelure|Chandelure, L50, F, shiny|100/100\n|switch|p1b: Beedrill|Beedrill, L50, F, shiny|100/100\n|switch|p2a: Whimsicott|Whimsicott, L50, F, shiny|100/100\n|switch|p2b: Dragonite|Dragonite, L50, F, shiny|100/100\n|turn|1\n|inactive|bluejayx2 has 30 seconds left.\n|inactive|SmeHydreiGone has 30 seconds left.\n|inactive|bluejayx2 has 20 seconds left.\n|inactive|bluejayx2 has 15 seconds left.\n|inactive|SmeHydreiGone has 20 seconds left.\n|inactive|bluejayx2 has 10 seconds left.\n|inactive|bluejayx2 has 5 seconds left.\n|\n|t:|1775955264\n|switch|p1b: Aerodactyl|Aerodactyl, L50, F, shiny|100/100\n|-ability|p1b: Aerodactyl|Unnerve\n|detailschange|p2b: Dragonite|Dragonite-Mega, L50, F, shiny\n|-mega|p2b: Dragonite|Dragonite|Dragoninite\n|move|p2a: Whimsicott|Fake Tears|p1a: Chandelure\n|-unboost|p1a: Chandelure|spd|2\n|move|p1a: Chandelure|Heat Wave|p2b: Dragonite|[spread] p2a,p2b\n|-supereffective|p2a: Whimsicott|1\n|-crit|p2a: Whimsicott\n|-resisted|p2b: Dragonite|1\n|-enditem|p2a: Whimsicott|Focus Sash\n|-damage|p2a: Whimsicott|1/100\n|-damage|p2b: Dragonite|93/100\n|move|p2b: Dragonite|Draco Meteor|p1a: Chandelure\n|-damage|p1a: Chandelure|0 fnt\n|-unboost|p2b: Dragonite|spa|2\n|faint|p1a: Chandelure\n|\n|upkeep\n|\n|t:|1775955283\n|switch|p1a: Beedrill|Beedrill, L50, F, shiny|100/100\n|turn|2\n|\n|t:|1775955294\n|detailschange|p1a: Beedrill|Beedrill-Mega, L50, F, shiny\n|-mega|p1a: Beedrill|Beedrill|Beedrillite\n|move|p2a: Whimsicott|Tailwind|p2a: Whimsicott\n|-sidestart|p2: SmeHydreiGone|move: Tailwind\n|move|p2b: Dragonite|Ice Beam|p1b: Aerodactyl\n|-supereffective|p1b: Aerodactyl|1\n|-damage|p1b: Aerodactyl|47/100\n|move|p1a: Beedrill|Fell Stinger|p2a: Whimsicott\n|-damage|p2a: Whimsicott|0 fnt\n|faint|p2a: Whimsicott\n|-boost|p1a: Beedrill|atk|3\n|move|p1b: Aerodactyl|Tailwind|p1b: Aerodactyl\n|-sidestart|p1: bluejayx2|move: Tailwind\n|\n|upkeep\n|\n|t:|1775955306\n|switch|p2a: Volcarona|Volcarona, L50, M, shiny|100/100\n|turn|3\n|inactive|bluejayx2 has 30 seconds left.\n|\n|t:|1775955332\n|move|p1a: Beedrill|Cross Poison|p2b: Dragonite\n|-damage|p2b: Dragonite|0 fnt\n|faint|p2b: Dragonite\n|move|p1b: Aerodactyl|Rock Slide|p2a: Volcarona\n|-supereffective|p2a: Volcarona|2\n|-damage|p2a: Volcarona|0 fnt\n|faint|p2a: Volcarona\n|\n|upkeep\n|-message|SmeHydreiGone forfeited.\n|\n|win|bluejayx2\n|raw|bluejayx2's rating: 1080 &rarr; <strong>1114</strong><br />(+34 for winning)\n|raw|SmeHydreiGone's rating: 1156 &rarr; <strong>1126</strong><br />(-30 for losing)\n|l|\u2606SmeHydreiGone\n|player|p2|\n",
  "uploadtime": 1775955350,
  "views": 17,
  "formatid": "gen9championsvgc2026regma",
  "rating": 1114,
  "private": 0,
  "password": null
}