{
  "id": "gen9championsvgc2026regma-2587928520",
  "format": "[Gen 9 Champions] VGC 2026 Reg M-A",
  "players": [
    "Ori1",
    "caustic soda"
  ],
  "log": "|j|\u2606Ori1\n|j|\u2606caustic soda\n|t:|1776580375\n|gametype|doubles\n|player|p1|Ori1|101|1214\n|player|p2|caustic soda|102|1219\n|gen|9\n|tier|[Gen 9 Champions] VGC 2026 Reg M-A\n|rated|\n|rule|Species Clause: Limit one of each Pok\u00e9mon\n|rule|Item Clause: Limit 1 of each item\n|clearpoke\n|poke|p1|Archaludon, L50, F|\n|poke|p1|Runerigus, L50, F|\n|poke|p1|Aerodactyl, L50, M|\n|poke|p1|Meganium, L50, M|\n|poke|p1|Kangaskhan, L50, F|\n|poke|p1|Hawlucha, L50, F|\n|poke|p2|Greninja, L50, M|\n|poke|p2|Aerodactyl, L50, F|\n|poke|p2|Floette-Eternal, L50, F|\n|poke|p2|Garchomp, L50, F|\n|poke|p2|Sinistcha, L50|\n|poke|p2|Incineroar, L50, M|\n|teampreview|4\n|inactive|Battle timer is ON: inactive players will automatically lose when time's up. (requested by Ori1)\n|inactive|caustic soda has 60 seconds left.\n|\n|t:|1776580408\n|teamsize|p1|4\n|teamsize|p2|4\n|start\n|switch|p1a: Hawlucha|Hawlucha, L50, F|100/100\n|switch|p1b: Aerodactyl|Aerodactyl, L50, M|100/100\n|switch|p2a: Incineroar|Incineroar, L50, M|100/100\n|switch|p2b: Floette|Floette-Eternal, L50, F|100/100\n|-ability|p1b: Aerodactyl|Unnerve\n|-ability|p2a: Incineroar|Intimidate|boost\n|-unboost|p1a: Hawlucha|atk|1\n|-unboost|p1b: Aerodactyl|atk|1\n|-enditem|p1a: Hawlucha|White Herb\n|-clearnegativeboost|p1a: Hawlucha|[silent]\n|turn|1\n|\n|t:|1776580433\n|detailschange|p2b: Floette|Floette-Mega, L50, F\n|-mega|p2b: Floette|Floette|Floettite\n|-ability|p2b: Floette|Fairy Aura\n|move|p2a: Incineroar|Fake Out|p1b: Aerodactyl\n|-resisted|p1b: Aerodactyl|1\n|-damage|p1b: Aerodactyl|93/100\n|move|p1a: Hawlucha|Close Combat|p2b: Floette\n|-resisted|p2b: Floette|1\n|-damage|p2b: Floette|66/100\n|-unboost|p1a: Hawlucha|def|1\n|-unboost|p1a: Hawlucha|spd|1\n|cant|p1b: Aerodactyl|flinch\n|move|p2b: Floette|Dazzling Gleam|p1a: Hawlucha|[spread] p1a,p1b\n|-supereffective|p1a: Hawlucha|1\n|-damage|p1a: Hawlucha|0 fnt\n|-damage|p1b: Aerodactyl|29/100\n|faint|p1a: Hawlucha\n|\n|upkeep\n|\n|t:|1776580443\n|switch|p1a: Archaludon|Archaludon, L50, F|100/100\n|turn|2\n|\n|t:|1776580462\n|move|p2b: Floette|Protect|p2b: Floette\n|-singleturn|p2b: Floette|Protect\n|move|p1a: Archaludon|Protect|p1a: Archaludon\n|-singleturn|p1a: Archaludon|Protect\n|move|p1b: Aerodactyl|Rock Slide|p2b: Floette|[spread] p2a\n|-activate|p2b: Floette|move: Protect\n|-supereffective|p2a: Incineroar|1\n|-damage|p2a: Incineroar|71/100\n|move|p2a: Incineroar|Parting Shot|p1a: Archaludon\n|-activate|p1a: Archaludon|move: Protect\n|\n|upkeep\n|turn|3\n|\n|t:|1776580484\n|move|p1b: Aerodactyl|Rock Slide|p2b: Floette|[spread] p2a,p2b\n|-supereffective|p2a: Incineroar|1\n|-damage|p2a: Incineroar|40/100\n|-damage|p2b: Floette|46/100\n|move|p2b: Floette|Moonblast|p1a: Archaludon\n|-damage|p1a: Archaludon|0 fnt\n|faint|p1a: Archaludon\n|move|p2a: Incineroar|Throat Chop|p1b: Aerodactyl\n|-damage|p1b: Aerodactyl|0 fnt\n|faint|p1b: Aerodactyl\n|\n|upkeep\n|-message|Ori1 forfeited.\n|\n|win|caustic soda\n|raw|Ori1's rating: 1214 &rarr; <strong>1189</strong><br />(-25 for losing)\n|raw|caustic soda's rating: 1219 &rarr; <strong>1244</strong><br />(+25 for winning)\n|l|\u2606Ori1\n|player|p1|\n",
  "uploadtime": 1776580501,
  "views": 8,
  "formatid": "gen9championsvgc2026regma",
  "rating": 1189,
  "private": 0,
  "password": null
}