{
  "id": "gen9championsvgc2026regma-2586257792",
  "format": "[Gen 9 Champions] VGC 2026 Reg M-A",
  "players": [
    "LordXaverius",
    "fletchinder_2010"
  ],
  "log": "|j|\u2606LordXaverius\n|j|\u2606fletchinder_2010\n|t:|1776418235\n|gametype|doubles\n|player|p1|LordXaverius|170|1089\n|player|p2|fletchinder_2010|169|1035\n|gen|9\n|tier|[Gen 9 Champions] VGC 2026 Reg M-A\n|rated|\n|rule|Species Clause: Limit one of each Pok\u00e9mon\n|rule|Item Clause: Limit 1 of each item\n|clearpoke\n|poke|p1|Charizard, L50, M|\n|poke|p1|Venusaur, L50, F|\n|poke|p1|Garchomp, L50, F|\n|poke|p1|Rotom-Wash, L50|\n|poke|p1|Sneasler, L50, F|\n|poke|p1|Incineroar, L50, M|\n|poke|p2|Meganium, L50, F|\n|poke|p2|Archaludon, L50, M|\n|poke|p2|Aerodactyl, L50, F|\n|poke|p2|Typhlosion-Hisui, L50, F|\n|poke|p2|Tauros-Paldea-Aqua, L50, M|\n|poke|p2|Kangaskhan, L50, F|\n|teampreview|4\n|inactive|Battle timer is ON: inactive players will automatically lose when time's up. (requested by LordXaverius)\n|\n|t:|1776418261\n|teamsize|p1|4\n|teamsize|p2|4\n|start\n|switch|p1a: Charizard|Charizard, L50, M|100/100\n|switch|p1b: Venusaur|Venusaur, L50, F|100/100\n|switch|p2a: Kangaskhan|Kangaskhan, L50, F|100/100\n|switch|p2b: Aerodactyl|Aerodactyl, L50, F|100/100\n|-ability|p2b: Aerodactyl|Unnerve\n|turn|1\n|inactive|LordXaverius has 30 seconds left.\n|\n|t:|1776418286\n|detailschange|p1a: Charizard|Charizard-Mega-Y, L50, M\n|-mega|p1a: Charizard|Charizard|Charizardite Y\n|-weather|SunnyDay|[from] ability: Drought|[of] p1a: Charizard\n|detailschange|p2a: Kangaskhan|Kangaskhan-Mega, L50, F\n|-mega|p2a: Kangaskhan|Kangaskhan|Kangaskhanite\n|move|p1b: Venusaur|Leaf Storm|p2b: Aerodactyl\n|-crit|p2b: Aerodactyl\n|-enditem|p2b: Aerodactyl|Focus Sash\n|-damage|p2b: Aerodactyl|1/100\n|-unboost|p1b: Venusaur|spa|2\n|move|p2b: Aerodactyl|Tailwind|p2b: Aerodactyl\n|-sidestart|p2: fletchinder_2010|move: Tailwind\n|move|p2a: Kangaskhan|Double-Edge|p1a: Charizard\n|-damage|p1a: Charizard|0 fnt\n|faint|p1a: Charizard\n|-hitcount|p1: Charizard|1\n|-damage|p2a: Kangaskhan|72/100|[from] Recoil\n|\n|-weather|SunnyDay|[upkeep]\n|upkeep\n|\n|t:|1776418296\n|switch|p1a: Sneasler|Sneasler, L50, F|100/100\n|turn|2\n|inactive|fletchinder_2010 has 30 seconds left.\n|\n|t:|1776418322\n|move|p2b: Aerodactyl|Protect|p2b: Aerodactyl\n|-singleturn|p2b: Aerodactyl|Protect\n|move|p1a: Sneasler|Fake Out|p2b: Aerodactyl\n|-activate|p2b: Aerodactyl|move: Protect\n|move|p2a: Kangaskhan|Double-Edge|p1b: Venusaur\n|-damage|p1b: Venusaur|14/100\n|-damage|p1b: Venusaur|0 fnt\n|faint|p1b: Venusaur\n|-hitcount|p1: Venusaur|2\n|-damage|p2a: Kangaskhan|44/100|[from] Recoil\n|\n|-weather|SunnyDay|[upkeep]\n|upkeep\n|\n|t:|1776418325\n|switch|p1b: Rotom|Rotom-Wash, L50|100/100\n|turn|3\n|inactive|fletchinder_2010 has 30 seconds left.\n|inactive|fletchinder_2010 has 20 seconds left.\n|inactive|fletchinder_2010 has 15 seconds left.\n|\n|t:|1776418367\n|move|p2b: Aerodactyl|Dual Wingbeat|p1a: Sneasler\n|-supereffective|p1a: Sneasler|1\n|-damage|p1a: Sneasler|42/100\n|-supereffective|p1a: Sneasler|1\n|-damage|p1a: Sneasler|0 fnt\n|faint|p1a: Sneasler\n|-hitcount|p1: Sneasler|2\n|move|p2a: Kangaskhan|Double-Edge|p1b: Rotom\n|-damage|p1b: Rotom|41/100\n|-damage|p1b: Rotom|26/100\n|-hitcount|p1b: Rotom|2\n|-damage|p2a: Kangaskhan|23/100|[from] Recoil\n|move|p1b: Rotom|Thunderbolt|p2b: Aerodactyl\n|-supereffective|p2b: Aerodactyl|1\n|-damage|p2b: Aerodactyl|0 fnt\n|faint|p2b: Aerodactyl\n|\n|-weather|SunnyDay|[upkeep]\n|-heal|p1b: Rotom|32/100|[from] item: Leftovers\n|upkeep\n|-message|LordXaverius forfeited.\n|\n|win|fletchinder_2010\n|raw|LordXaverius's rating: 1089 &rarr; <strong>1062</strong><br />(-27 for losing)\n|raw|fletchinder_2010's rating: 1035 &rarr; <strong>1075</strong><br />(+40 for winning)\n|l|\u2606LordXaverius\n|player|p1|\n",
  "uploadtime": 1776418390,
  "views": 25,
  "formatid": "gen9championsvgc2026regma",
  "rating": 1062,
  "private": 0,
  "password": null
}