{
  "id": "gen9championsvgc2026regma-2587380286",
  "format": "[Gen 9 Champions] VGC 2026 Reg M-A",
  "players": [
    "Kingdbl",
    "scorpioof"
  ],
  "log": "|j|\u2606Kingdbl\n|j|\u2606scorpioof\n|t:|1776526973\n|gametype|doubles\n|player|p1|Kingdbl|wallace|1273\n|player|p2|scorpioof|boarder|1350\n|gen|9\n|tier|[Gen 9 Champions] VGC 2026 Reg M-A\n|rated|\n|rule|Species Clause: Limit one of each Pok\u00e9mon\n|rule|Item Clause: Limit 1 of each item\n|clearpoke\n|poke|p1|Delphox, L50, F|\n|poke|p1|Whimsicott, L50, F|\n|poke|p1|Garchomp, L50, M|\n|poke|p1|Primarina, L50, F|\n|poke|p1|Sneasler, L50, F|\n|poke|p1|Incineroar, L50, M|\n|poke|p2|Charizard, L50, F|\n|poke|p2|Torkoal, L50, F|\n|poke|p2|Farigiraf, L50, M|\n|poke|p2|Sneasler, L50, M|\n|poke|p2|Hydrapple, L50, F|\n|poke|p2|Mimikyu, L50, M|\n|teampreview|4\n|inactive|Battle timer is ON: inactive players will automatically lose when time's up. (requested by Kingdbl)\n|\n|t:|1776527000\n|teamsize|p1|4\n|teamsize|p2|4\n|start\n|switch|p1a: Incineroar|Incineroar, L50, M|100/100\n|switch|p1b: Garchomp|Garchomp, L50, M|100/100\n|switch|p2a: DinoretD'Husuis|Sneasler, L50, M|100/100\n|switch|p2b: Girqfgiraf|Farigiraf, L50, M|100/100\n|-ability|p1a: Incineroar|Intimidate|boost\n|-unboost|p2a: DinoretD'Husuis|atk|1\n|-unboost|p2b: Girqfgiraf|atk|1\n|-enditem|p2a: DinoretD'Husuis|White Herb\n|-clearnegativeboost|p2a: DinoretD'Husuis|[silent]\n|turn|1\n|\n|t:|1776527012\n|move|p2a: DinoretD'Husuis|Close Combat|p1a: Incineroar\n|-supereffective|p1a: Incineroar|1\n|-damage|p1a: Incineroar|8/100\n|-unboost|p2a: DinoretD'Husuis|def|1\n|-unboost|p2a: DinoretD'Husuis|spd|1\n|-enditem|p1a: Incineroar|Sitrus Berry|[eat]\n|-heal|p1a: Incineroar|33/100|[from] item: Sitrus Berry\n|move|p1b: Garchomp|Earthquake|p2b: Girqfgiraf|[spread] p1a,p2a,p2b\n|-supereffective|p1a: Incineroar|1\n|-supereffective|p2a: DinoretD'Husuis|1\n|-damage|p1a: Incineroar|0 fnt\n|-damage|p2a: DinoretD'Husuis|0 fnt\n|-damage|p2b: Girqfgiraf|64/100\n|faint|p1a: Incineroar\n|faint|p2a: DinoretD'Husuis\n|move|p2b: Girqfgiraf|Dazzling Gleam|p1b: Garchomp\n|-supereffective|p1b: Garchomp|1\n|-damage|p1b: Garchomp|45/100\n|\n|upkeep\n|\n|t:|1776527031\n|switch|p2a: Dragonpokme|Hydrapple, L50, F|100/100\n|switch|p1a: Delphox|Delphox, L50, F|100/100\n|turn|2\n|\n|t:|1776527043\n|detailschange|p1a: Delphox|Delphox-Mega, L50, F\n|-mega|p1a: Delphox|Delphox|Delphoxite\n|move|p1b: Garchomp|Earthquake|p2b: Girqfgiraf|[spread] p2a,p2b\n|-immune|p1a: Delphox|[from] ability: Levitate\n|-resisted|p2a: Dragonpokme|1\n|-damage|p2a: Dragonpokme|85/100\n|-damage|p2b: Girqfgiraf|32/100\n|-enditem|p2b: Girqfgiraf|Sitrus Berry|[eat]\n|-heal|p2b: Girqfgiraf|57/100|[from] item: Sitrus Berry\n|move|p1a: Delphox|Heat Wave|p2b: Girqfgiraf|[spread] p2a,p2b\n|-damage|p2a: Dragonpokme|46/100\n|-damage|p2b: Girqfgiraf|16/100\n|move|p2a: Dragonpokme|Fickle Beam|p1b: Garchomp\n|-supereffective|p1b: Garchomp|1\n|-damage|p1b: Garchomp|0 fnt\n|faint|p1b: Garchomp\n|move|p2b: Girqfgiraf|Trick Room|p2b: Girqfgiraf\n|-fieldstart|move: Trick Room|[of] p2b: Girqfgiraf\n|\n|-heal|p2a: Dragonpokme|52/100|[from] item: Leftovers\n|upkeep\n|\n|t:|1776527053\n|switch|p1b: Sneasler|Sneasler, L50, F|100/100\n|turn|3\n|\n|t:|1776527061\n|move|p2a: Dragonpokme|Earth Power|p1b: Sneasler\n|-supereffective|p1b: Sneasler|1\n|-damage|p1b: Sneasler|10/100\n|move|p2b: Girqfgiraf|Hyper Voice|p1b: Sneasler|[spread] p1a,p1b\n|-damage|p1a: Delphox|72/100\n|-damage|p1b: Sneasler|0 fnt\n|faint|p1b: Sneasler\n|move|p1a: Delphox|Heat Wave|p2a: Dragonpokme|[spread] p2a,p2b\n|-damage|p2a: Dragonpokme|7/100\n|-damage|p2b: Girqfgiraf|0 fnt\n|faint|p2b: Girqfgiraf\n|\n|-heal|p2a: Dragonpokme|13/100|[from] item: Leftovers\n|upkeep\n|\n|t:|1776527064\n|switch|p2b: MimiQUI\u00c9LA|Mimikyu, L50, M|100/100\n|turn|4\n|-message|Kingdbl forfeited.\n|\n|win|scorpioof\n|raw|Kingdbl's rating: 1273 &rarr; <strong>1253</strong><br />(-20 for losing)\n|raw|scorpioof's rating: 1350 &rarr; <strong>1366</strong><br />(+16 for winning)\n|l|\u2606Kingdbl\n|player|p1|\n",
  "uploadtime": 1776527069,
  "views": 35,
  "formatid": "gen9championsvgc2026regma",
  "rating": 1253,
  "private": 0,
  "password": null
}