{
  "id": "gen9championsvgc2026regma-2583185915",
  "format": "[Gen 9 Champions] VGC 2026 Reg M-A",
  "players": [
    "daikenhc",
    "BHeast42"
  ],
  "log": "|j|\u2606daikenhc\n|j|\u2606BHeast42\n|t:|1776152360\n|gametype|doubles\n|player|p1|daikenhc|169|1075\n|player|p2|BHeast42|1|1089\n|gen|9\n|tier|[Gen 9 Champions] VGC 2026 Reg M-A\n|rated|\n|rule|Species Clause: Limit one of each Pok\u00e9mon\n|rule|Item Clause: Limit 1 of each item\n|clearpoke\n|poke|p1|Chandelure, L50, M|\n|poke|p1|Torkoal, L50, M|\n|poke|p1|Hatterene, L50, F|\n|poke|p1|Incineroar, L50, M|\n|poke|p1|Farigiraf, L50, F|\n|poke|p1|Milotic, L50, F|\n|poke|p2|Greninja-*, L50, F|\n|poke|p2|Whimsicott, L50, F|\n|poke|p2|Scizor, L50, F|\n|poke|p2|Incineroar, L50, M|\n|poke|p2|Decidueye-Hisui, L50, F|\n|poke|p2|Zoroark-Hisui, L50, F|\n|teampreview|4\n|inactive|Battle timer is ON: inactive players will automatically lose when time's up. (requested by BHeast42)\n|inactive|daikenhc has 60 seconds left.\n|\n|t:|1776152407\n|teamsize|p1|4\n|teamsize|p2|4\n|start\n|switch|p1a: Milotic|Milotic, L50, F|100/100\n|switch|p1b: Farigiraf|Farigiraf, L50, F|100/100\n|switch|p2a: Scizor|Scizor, L50, F|100/100\n|switch|p2b: Incineroar|Incineroar, L50, M|100/100\n|-ability|p2b: Incineroar|Intimidate|boost\n|-unboost|p1a: Milotic|atk|1\n|-ability|p1a: Milotic|Competitive|boost\n|-boost|p1a: Milotic|spa|2\n|-unboost|p1b: Farigiraf|atk|1\n|turn|1\n|inactive|daikenhc has 30 seconds left.\n|\n|t:|1776152432\n|move|p2a: Scizor|Hyper Voice|p1a: Milotic|[spread] p1a,p1b\n|-damage|p1a: Milotic|77/100\n|-damage|p1b: Farigiraf|59/100\n|move|p1a: Milotic|Muddy Water|p2b: Incineroar|[spread] p2b\n|-miss|p1a: Milotic|p2a: Scizor\n|-supereffective|p2b: Incineroar|1\n|-damage|p2b: Incineroar|31/100\n|move|p2b: Incineroar|Flare Blitz|p1b: Farigiraf\n|-damage|p1b: Farigiraf|13/100\n|-damage|p2b: Incineroar|14/100|[from] Recoil\n|move|p1b: Farigiraf|Trick Room|p1b: Farigiraf\n|-fieldstart|move: Trick Room|[of] p1b: Farigiraf\n|\n|-heal|p1a: Milotic|83/100|[from] item: Leftovers\n|upkeep\n|turn|2\n|\n|t:|1776152453\n|switch|p1b: Torkoal|Torkoal, L50, M|100/100\n|-weather|SunnyDay|[from] ability: Drought|[of] p1b: Torkoal\n|move|p2a: Scizor|Protect|p2a: Scizor\n|-singleturn|p2a: Scizor|Protect\n|move|p2b: Incineroar|Flare Blitz|p1b: Torkoal\n|-resisted|p1b: Torkoal|1\n|-crit|p1b: Torkoal\n|-damage|p1b: Torkoal|62/100\n|-damage|p2b: Incineroar|2/100|[from] Recoil\n|move|p1a: Milotic|Weather Ball|p2a: Scizor\n|-activate|p2a: Scizor|move: Protect\n|\n|-weather|SunnyDay|[upkeep]\n|-heal|p1a: Milotic|89/100|[from] item: Leftovers\n|upkeep\n|turn|3\n|inactive|daikenhc has 30 seconds left.\n|\n|t:|1776152479\n|move|p1b: Torkoal|Overheat|p2a: Scizor\n|-damage|p2a: Scizor|0 fnt\n|-unboost|p1b: Torkoal|spa|2\n|replace|p2a: Zoroark|Zoroark-Hisui, L50, F\n|-end|p2a: Zoroark|Illusion\n|faint|p2a: Zoroark\n|-enditem|p1b: Torkoal|White Herb\n|-clearnegativeboost|p1b: Torkoal|[silent]\n|move|p2b: Incineroar|Parting Shot|p1b: Torkoal\n|-unboost|p1b: Torkoal|atk|1\n|-unboost|p1b: Torkoal|spa|1\n|\n|t:|1776152491\n|switch|p2b: Greninja|Greninja, L50, F|100/100|[from] Parting Shot\n|move|p1a: Milotic|Scald|p2b: Greninja\n|-resisted|p2b: Greninja|1\n|-damage|p2b: Greninja|76/100\n|-status|p2b: Greninja|brn\n|\n|-weather|SunnyDay|[upkeep]\n|-heal|p1a: Milotic|95/100|[from] item: Leftovers\n|-damage|p2b: Greninja|70/100 brn|[from] brn\n|upkeep\n|\n|t:|1776152501\n|switch|p2a: Scizor|Scizor, L50, F|100/100\n|turn|4\n|inactive|BHeast42 has 30 seconds left.\n|\n|t:|1776152534\n|switch|p1b: Farigiraf|Farigiraf, L50, F|13/100\n|detailschange|p2b: Greninja|Greninja-Mega, L50, F\n|-mega|p2b: Greninja|Greninja|Greninjite\n|move|p2a: Scizor|Swords Dance|p2a: Scizor\n|-boost|p2a: Scizor|atk|2\n|move|p1a: Milotic|Weather Ball|p2a: Scizor\n|-supereffective|p2a: Scizor|2\n|-damage|p2a: Scizor|0 fnt\n|faint|p2a: Scizor\n|move|p2b: Greninja|Hydro Pump|p1b: Farigiraf\n|-start|p2b: Greninja|typechange|Water|[from] ability: Protean\n|-crit|p1b: Farigiraf\n|-damage|p1b: Farigiraf|0 fnt\n|faint|p1b: Farigiraf\n|\n|-weather|SunnyDay|[upkeep]\n|-heal|p1a: Milotic|100/100|[from] item: Leftovers\n|-damage|p2b: Greninja|64/100 brn|[from] brn\n|upkeep\n|-message|BHeast42 forfeited.\n|\n|win|daikenhc\n|raw|daikenhc's rating: 1075 &rarr; <strong>1105</strong><br />(+30 for winning)\n|raw|BHeast42's rating: 1089 &rarr; <strong>1065</strong><br />(-24 for losing)\n|l|\u2606BHeast42\n|player|p2|\n",
  "uploadtime": 1776153961,
  "views": 22,
  "formatid": "gen9championsvgc2026regma",
  "rating": 1065,
  "private": 0,
  "password": null
}