{
  "id": "gen9championsvgc2026regma-2588706490",
  "format": "[Gen 9 Champions] VGC 2026 Reg M-A",
  "players": [
    "KeoneSpirit",
    "It'sJustKen VGC"
  ],
  "log": "|j|\u2606KeoneSpirit\n|j|\u2606It'sJustKen VGC\n|html|<table width=\"100%\"><tr><td align=\"left\">KeoneSpirit</td><td align=\"right\">It&apos;sJustKen VGC</tr><tr><td align=\"left\"><i class=\"fa fa-circle-o\"></i> <i class=\"fa fa-circle-o\"></i> </td><td align=\"right\"><i class=\"fa fa-circle-o\"></i> <i class=\"fa fa-circle-o\"></i> </tr></table>\n|uhtml|bestof|<h2><strong>Game 1</strong> of <a href=\"/game-bestof3-gen9championsvgc2026regma-2588706489\">a best-of-3</a></h2>\n|t:|1776660055\n|gametype|doubles\n|player|p1|KeoneSpirit|170|\n|player|p2|It'sJustKen VGC|player-go|\n|gen|9\n|tier|[Gen 9 Champions] VGC 2026 Reg M-A\n|rated|Tournament battle\n|rule|Species Clause: Limit one of each Pok\u00e9mon\n|rule|Item Clause: Limit 1 of each item\n|raw|<div class=\"infobox\"><details class=\"readmore\" open><summary><strong>2 custom rules:</strong></summary> Force Open Team Sheets, Best of = 3</details></div>\n|clearpoke\n|poke|p1|Sinistcha, L50|\n|poke|p1|Oranguru, L50, M, shiny|\n|poke|p1|Torkoal, L50, M, shiny|\n|poke|p1|Garchomp, L50, F, shiny|\n|poke|p1|Vivillon-Polar, L50, F, shiny|\n|poke|p1|Golurk, L50, shiny|\n|poke|p2|Floette-Eternal, L50, F|\n|poke|p2|Espathra, L50, M|\n|poke|p2|Incineroar, L50, M|\n|poke|p2|Sneasler, L50, F|\n|poke|p2|Basculegion, L50, M|\n|poke|p2|Kingambit, L50, F|\n|teampreview|4\n|showteam|p1|Sinistcha||SitrusBerry|Hospitality|RagePowder,MatchaGotcha,TrickRoom,LifeDew||||||50|]Oranguru||MentalHerb|InnerFocus|Instruct,TrickRoom,FoulPlay,Protect|||M|||50|]Torkoal||Charcoal|Drought|Protect,Eruption,HeatWave,EarthPower|||M|||50|]Garchomp||WhiteHerb|RoughSkin|Earthquake,Protect,DragonClaw,RockSlide|||F|||50|]Vivillon-Polar||FocusSash|CompoundEyes|Tailwind,SleepPowder,Whirlwind,PollenPuff|||F|||50|]Golurk||Golurkite|NoGuard|DynamicPunch,Poltergeist,HeadlongRush,Protect||||||50|\n|showteam|p2|Floette-Eternal||Floettite|FlowerVeil|Protect,Moonblast,DazzlingGleam,Substitute|||F|||50|]Espathra||FocusSash|SpeedBoost|Protect,LuminaCrash,HelpingHand,TrickRoom|||M|||50|]Incineroar||SitrusBerry|Intimidate|FakeOut,PartingShot,FlareBlitz,Taunt|||M|||50|]Sneasler||WhiteHerb|Unburden|Protect,DireClaw,CloseCombat,FakeOut|||F|||50|]Basculegion||ChoiceScarf|Adaptability|WaveCrash,FlipTurn,AquaJet,LastRespects|||M|||50|]Kingambit||BlackGlasses|Defiant|Protect,SuckerPunch,SwordsDance,KowtowCleave|||F|||50|\n|inactive|Battle timer is ON: inactive players will automatically lose when time's up. (requested by It'sJustKen VGC)\n|j| EnesBatur\n|c|\u2606KeoneSpirit|I just saw the self parting shot from the last set that was insane\n|c|\u2606It'sJustKen VGC|glhf\n|c|\u2606It'sJustKen VGC|thanks!\n|c|\u2606KeoneSpirit|Glhf\n|inactive|KeoneSpirit has 60 seconds left.\n|\n|t:|1776660093\n|teamsize|p1|4\n|teamsize|p2|4\n|start\n|switch|p1a: Sinistcha|Sinistcha, L50|100/100\n|switch|p1b: Oranguru|Oranguru, L50, M, shiny|100/100\n|switch|p2a: Just Dance|Floette-Eternal, L50, F|100/100\n|switch|p2b: Bad Romance|Espathra, L50, M|100/100\n|turn|1\n|j| keiwvyz\n|\n|t:|1776660115\n|detailschange|p2a: Just Dance|Floette-Mega, L50, F\n|-mega|p2a: Just Dance|Floette|Floettite\n|-ability|p2a: Just Dance|Fairy Aura\n|move|p1a: Sinistcha|Rage Powder|p1a: Sinistcha\n|-singleturn|p1a: Sinistcha|move: Rage Powder\n|move|p2a: Just Dance|Dazzling Gleam|p1b: Oranguru|[spread] p1a,p1b\n|-damage|p1a: Sinistcha|53/100\n|-damage|p1b: Oranguru|71/100\n|move|p2b: Bad Romance|Trick Room|p2b: Bad Romance\n|-fieldstart|move: Trick Room|[of] p2b: Bad Romance\n|move|p1b: Oranguru|Trick Room|p1b: Oranguru\n|-fieldend|move: Trick Room\n|\n|-ability|p2b: Bad Romance|Speed Boost|boost\n|-boost|p2b: Bad Romance|spe|1\n|upkeep\n|turn|2\n|\n|t:|1776660131\n|move|p2b: Bad Romance|Helping Hand|p2a: Just Dance\n|-singleturn|p2a: Just Dance|Helping Hand|[of] p2b: Bad Romance\n|move|p1b: Oranguru|Protect|p1b: Oranguru\n|-singleturn|p1b: Oranguru|Protect\n|move|p2a: Just Dance|Dazzling Gleam|p1b: Oranguru|[spread] p1a\n|-activate|p1b: Oranguru|move: Protect\n|-damage|p1a: Sinistcha|0 fnt\n|faint|p1a: Sinistcha\n|\n|-ability|p2b: Bad Romance|Speed Boost|boost\n|-boost|p2b: Bad Romance|spe|1\n|upkeep\n|\n|t:|1776660138\n|switch|p1a: Torkoal|Torkoal, L50, M, shiny|100/100\n|-weather|SunnyDay|[from] ability: Drought|[of] p1a: Torkoal\n|turn|3\n|\n|t:|1776660149\n|move|p2b: Bad Romance|Lumina Crash|p1b: Oranguru\n|-resisted|p1b: Oranguru|1\n|-damage|p1b: Oranguru|58/100\n|-unboost|p1b: Oranguru|spd|2\n|move|p2a: Just Dance|Dazzling Gleam|p1b: Oranguru|[spread] p1a,p1b\n|-resisted|p1a: Torkoal|1\n|-damage|p1a: Torkoal|73/100\n|-damage|p1b: Oranguru|0 fnt\n|faint|p1b: Oranguru\n|move|p1a: Torkoal|Heat Wave|p2b: Bad Romance|[spread] p2b\n|-miss|p1a: Torkoal|p2a: Just Dance\n|-crit|p2b: Bad Romance\n|-enditem|p2b: Bad Romance|Focus Sash\n|-damage|p2b: Bad Romance|1/100\n|\n|-weather|SunnyDay|[upkeep]\n|-ability|p2b: Bad Romance|Speed Boost|boost\n|-boost|p2b: Bad Romance|spe|1\n|upkeep\n|c|\u2606It'sJustKen VGC|gg wp\n|\n|t:|1776660158\n|switch|p1b: Golurk|Golurk, L50, shiny|100/100\n|turn|4\n|\n|t:|1776660165\n|detailschange|p1b: Golurk|Golurk-Mega, L50, shiny\n|-mega|p1b: Golurk|Golurk|Golurkite\n|move|p1b: Golurk|Protect|p1b: Golurk\n|-singleturn|p1b: Golurk|Protect\n|move|p2b: Bad Romance|Lumina Crash|p1a: Torkoal\n|-damage|p1a: Torkoal|28/100\n|-unboost|p1a: Torkoal|spd|2\n|move|p2a: Just Dance|Dazzling Gleam|p1a: Torkoal|[spread] p1a\n|-activate|p1b: Golurk|move: Protect\n|-resisted|p1a: Torkoal|1\n|-damage|p1a: Torkoal|0 fnt\n|faint|p1a: Torkoal\n|\n|-weather|SunnyDay|[upkeep]\n|-ability|p2b: Bad Romance|Speed Boost|boost\n|-boost|p2b: Bad Romance|spe|1\n|upkeep\n|turn|5\n|\n|t:|1776660172\n|move|p2b: Bad Romance|Lumina Crash|p1b: Golurk\n|-damage|p1b: Golurk|71/100\n|-unboost|p1b: Golurk|spd|2\n|move|p2a: Just Dance|Moonblast|p1b: Golurk\n|-damage|p1b: Golurk|0 fnt\n|faint|p1b: Golurk\n|\n|win|It'sJustKen VGC\n|c|\u2606KeoneSpirit|gg\n||KeoneSpirit is ready for game 2.\n",
  "uploadtime": 1776660177,
  "views": 4,
  "formatid": "gen9championsvgc2026regma",
  "rating": null,
  "private": 0,
  "password": null
}