{
  "id": "gen9championsvgc2026regma-2588768422",
  "format": "[Gen 9 Champions] VGC 2026 Reg M-A",
  "players": [
    "markybehr",
    "yadazei"
  ],
  "log": "|j|\u2606markybehr\n|j|\u2606yadazei\n|t:|1776668296\n|gametype|doubles\n|player|p1|markybehr|linebacker|1206\n|player|p2|yadazei|cynthia-anime2|1269\n|gen|9\n|tier|[Gen 9 Champions] VGC 2026 Reg M-A\n|rated|\n|rule|Species Clause: Limit one of each Pok\u00e9mon\n|rule|Item Clause: Limit 1 of each item\n|clearpoke\n|poke|p1|Gallade, L50, M, shiny|\n|poke|p1|Gardevoir, L50, F|\n|poke|p1|Whimsicott, L50, F|\n|poke|p1|Aerodactyl, L50, M, shiny|\n|poke|p1|Feraligatr, L50, F|\n|poke|p1|Garchomp, L50, M|\n|poke|p2|Charizard, L50, M|\n|poke|p2|Floette-Eternal, L50, F|\n|poke|p2|Aerodactyl, L50, F|\n|poke|p2|Garchomp, L50, M|\n|poke|p2|Sneasler, L50, F|\n|poke|p2|Kingambit, L50, M|\n|teampreview|4\n|inactive|Battle timer is ON: inactive players will automatically lose when time's up. (requested by markybehr)\n|inactive|yadazei also wants the timer to be on.\n|inactive|yadazei has 60 seconds left.\n|\n|t:|1776668346\n|teamsize|p1|4\n|teamsize|p2|4\n|start\n|switch|p1a: Gallade|Gallade, L50, M, shiny|100/100\n|switch|p1b: Aerodactyl|Aerodactyl, L50, M, shiny|100/100\n|switch|p2a: Floette|Floette-Eternal, L50, F|100/100\n|switch|p2b: Aerodactyl|Aerodactyl, L50, F|100/100\n|-ability|p1b: Aerodactyl|Unnerve\n|turn|1\n|\n|t:|1776668359\n|detailschange|p2a: Floette|Floette-Mega, L50, F\n|-mega|p2a: Floette|Floette|Floettite\n|-ability|p2a: Floette|Fairy Aura\n|move|p1a: Gallade|Protect|p1a: Gallade\n|-singleturn|p1a: Gallade|Protect\n|move|p2a: Floette|Protect|p2a: Floette\n|-singleturn|p2a: Floette|Protect\n|move|p2b: Aerodactyl|Dual Wingbeat|p1a: Gallade\n|-activate|p1a: Gallade|move: Protect\n|move|p1b: Aerodactyl|Tailwind|p1b: Aerodactyl\n|-sidestart|p1: markybehr|move: Tailwind\n|\n|upkeep\n|turn|2\n|\n|t:|1776668381\n|move|p1b: Aerodactyl|Rock Slide|p2b: Aerodactyl|[spread] p2a,p2b\n|-supereffective|p2b: Aerodactyl|1\n|-damage|p2a: Floette|64/100\n|-damage|p2b: Aerodactyl|13/100\n|move|p1a: Gallade|Psycho Cut|p2b: Aerodactyl\n|-damage|p2b: Aerodactyl|0 fnt\n|faint|p2b: Aerodactyl\n|move|p2a: Floette|Dazzling Gleam|p1b: Aerodactyl|[spread] p1a,p1b\n|-supereffective|p1a: Gallade|1\n|-damage|p1a: Gallade|0 fnt\n|-damage|p1b: Aerodactyl|29/100\n|-enditem|p1b: Aerodactyl|Sitrus Berry|[eat]\n|-heal|p1b: Aerodactyl|54/100|[from] item: Sitrus Berry\n|faint|p1a: Gallade\n|\n|upkeep\n|\n|t:|1776668390\n|switch|p2b: Kingambit|Kingambit, L50, M|100/100\n|switch|p1a: Gardevoir|Gardevoir, L50, F|100/100\n|turn|3\n|\n|t:|1776668395\n|detailschange|p1a: Gardevoir|Gardevoir-Mega, L50, F\n|-mega|p1a: Gardevoir|Gardevoir|Gardevoirite\n|move|p2a: Floette|Protect|p2a: Floette\n|-singleturn|p2a: Floette|Protect\n|move|p1b: Aerodactyl|Fire Fang|p2b: Kingambit\n|-supereffective|p2b: Kingambit|1\n|-damage|p2b: Kingambit|69/100\n|move|p1a: Gardevoir|Calm Mind|p1a: Gardevoir\n|-boost|p1a: Gardevoir|spa|1\n|-boost|p1a: Gardevoir|spd|1\n|move|p2b: Kingambit|Iron Head|p1a: Gardevoir\n|-supereffective|p1a: Gardevoir|1\n|-damage|p1a: Gardevoir|0 fnt\n|faint|p1a: Gardevoir\n|\n|upkeep\n|\n|t:|1776668405\n|switch|p1a: Garchomp|Garchomp, L50, M|100/100\n|turn|4\n|\n|t:|1776668412\n|move|p2b: Kingambit|Sucker Punch|p1b: Aerodactyl\n|-damage|p1b: Aerodactyl|0 fnt\n|faint|p1b: Aerodactyl\n|move|p1a: Garchomp|Swords Dance|p1a: Garchomp\n|-boost|p1a: Garchomp|atk|2\n|move|p2a: Floette|Moonblast|p1a: Garchomp\n|-supereffective|p1a: Garchomp|1\n|-damage|p1a: Garchomp|0 fnt\n|faint|p1a: Garchomp\n|\n|win|yadazei\n|raw|markybehr's rating: 1206 &rarr; <strong>1185</strong><br />(-21 for losing)\n|raw|yadazei's rating: 1269 &rarr; <strong>1290</strong><br />(+21 for winning)\n",
  "uploadtime": 1776668418,
  "views": 10,
  "formatid": "gen9championsvgc2026regma",
  "rating": 1185,
  "private": 0,
  "password": null
}