{
  "id": "gen9championsvgc2026regma-2583844548",
  "format": "[Gen 9 Champions] VGC 2026 Reg M-A",
  "players": [
    "Qloser",
    "stica93"
  ],
  "log": "|j|\u2606Qloser\n|j|\u2606stica93\n|t:|1776202142\n|gametype|doubles\n|player|p1|Qloser|norman|1182\n|player|p2|stica93|ltsurge|1140\n|gen|9\n|tier|[Gen 9 Champions] VGC 2026 Reg M-A\n|rated|\n|rule|Species Clause: Limit one of each Pok\u00e9mon\n|rule|Item Clause: Limit 1 of each item\n|clearpoke\n|poke|p1|Charizard, L50, F|\n|poke|p1|Kingambit, L50, F|\n|poke|p1|Rotom-Wash, L50|\n|poke|p1|Tyranitar, L50, F|\n|poke|p1|Sinistcha, L50|\n|poke|p1|Excadrill, L50, M|\n|poke|p2|Charizard, L50, M|\n|poke|p2|Venusaur, L50, F|\n|poke|p2|Garchomp, L50, F|\n|poke|p2|Incineroar, L50, F|\n|poke|p2|Sneasler, L50, M|\n|poke|p2|Basculegion, L50, M|\n|teampreview|4\n|inactive|Battle timer is ON: inactive players will automatically lose when time's up. (requested by Qloser)\n|inactive|Qloser has 60 seconds left.\n|\n|t:|1776202188\n|teamsize|p1|4\n|teamsize|p2|4\n|start\n|switch|p1a: Rotom|Rotom-Wash, L50|100/100\n|switch|p1b: Sinistcha|Sinistcha, L50|100/100\n|switch|p2a: Basculegion|Basculegion, L50, M|100/100\n|switch|p2b: Sneasler|Sneasler, L50, M|100/100\n|turn|1\n|\n|t:|1776202212\n|switch|p2a: Garchomp|Garchomp, L50, F|100/100\n|move|p2b: Sneasler|Dire Claw|p1b: Sinistcha\n|-damage|p1b: Sinistcha|66/100\n|move|p1a: Rotom|Electroweb|p2a: Garchomp|[spread] p2b\n|-immune|p2a: Garchomp\n|-damage|p2b: Sneasler|71/100\n|-unboost|p2b: Sneasler|spe|1\n|-enditem|p2b: Sneasler|White Herb\n|-clearnegativeboost|p2b: Sneasler|[silent]\n|move|p1b: Sinistcha|Strength Sap|p2a: Garchomp\n|-unboost|p2a: Garchomp|atk|1\n|-heal|p1b: Sinistcha|100/100\n|\n|upkeep\n|turn|2\n|inactive|stica93 has 30 seconds left.\n|inactive|stica93 has 20 seconds left.\n|inactive|stica93 has 15 seconds left.\n|inactive|stica93 has 10 seconds left.\n|inactive|stica93 has 5 seconds left.\n|\n|t:|1776202267\n|move|p2b: Sneasler|Rock Slide|p1b: Sinistcha|[spread] p1a,p1b\n|-damage|p1a: Rotom|75/100\n|-damage|p1b: Sinistcha|84/100\n|move|p2a: Garchomp|Earthquake|p1a: Rotom|[spread] p2b,p1b\n|-immune|p1a: Rotom|[from] ability: Levitate\n|-supereffective|p2b: Sneasler|1\n|-resisted|p1b: Sinistcha|1\n|-damage|p2b: Sneasler|0 fnt\n|-damage|p1b: Sinistcha|72/100\n|faint|p2b: Sneasler\n|move|p1a: Rotom|Hydro Pump|p2a: Garchomp\n|-damage|p2a: Garchomp|47/100\n|move|p1b: Sinistcha|Matcha Gotcha|p2a: Garchomp\n|-damage|p2a: Garchomp|12/100\n|-heal|p1b: Sinistcha|93/100|[from] drain|[of] p2a: Garchomp\n|\n|-heal|p1b: Sinistcha|99/100|[from] item: Leftovers\n|upkeep\n|-message|stica93 forfeited.\n|\n|win|Qloser\n|raw|Qloser's rating: 1182 &rarr; <strong>1204</strong><br />(+22 for winning)\n|raw|stica93's rating: 1140 &rarr; <strong>1118</strong><br />(-22 for losing)\n",
  "uploadtime": 1776202280,
  "views": 25,
  "formatid": "gen9championsvgc2026regma",
  "rating": 1118,
  "private": 0,
  "password": null
}