{
  "id": "gen9championsvgc2026regma-2580328774",
  "format": "[Gen 9 Champions] VGC 2026 Reg M-A",
  "players": [
    "fooflybag",
    "asafasfa"
  ],
  "log": "|j|\u2606fooflybag\n|j|\u2606asafasfa\n|t:|1775881091\n|gametype|doubles\n|player|p1|fooflybag|acetrainerf|1034\n|player|p2|asafasfa|169|1000\n|gen|9\n|tier|[Gen 9 Champions] VGC 2026 Reg M-A\n|rated|\n|rule|Species Clause: Limit one of each Pok\u00e9mon\n|rule|Item Clause: Limit 1 of each item\n|clearpoke\n|poke|p1|Clefable, L50, F|\n|poke|p1|Talonflame, L50, F|\n|poke|p1|Sneasler, L50, M|\n|poke|p1|Primarina, L50, M|\n|poke|p1|Skarmory, L50, F|\n|poke|p1|Kommo-o, L50, M|\n|poke|p2|Emboar, L50, F|\n|poke|p2|Whimsicott, L50, F|\n|poke|p2|Primarina, L50, M|\n|poke|p2|Rotom-Wash, L50|\n|poke|p2|Incineroar, L50, M|\n|poke|p2|Zoroark, L50, F|\n|teampreview|4\n|inactive|Battle timer is ON: inactive players will automatically lose when time's up. (requested by fooflybag)\n|c|\u2606fooflybag|glhf\nfooflybag rejected open team sheets.\n|inactive|fooflybag has 60 seconds left.\n|\n|t:|1775881124\n|teamsize|p1|4\n|teamsize|p2|4\n|start\n|switch|p1a: Clefable|Clefable, L50, F|100/100\n|switch|p1b: Primarina|Primarina, L50, M|100/100\n|switch|p2a: Incineroar|Incineroar, L50, M|100/100\n|switch|p2b: Whimsicott|Whimsicott, L50, F|100/100\n|-ability|p2a: Incineroar|Intimidate|boost\n|-unboost|p1a: Clefable|atk|1\n|-unboost|p1b: Primarina|atk|1\n|turn|1\n|inactive|asafasfa has 30 seconds left.\n|\n|t:|1775881158\n|detailschange|p1a: Clefable|Clefable-Mega, L50, F\n|-mega|p1a: Clefable|Clefable|Clefablite\n|move|p1b: Primarina|Protect|p1b: Primarina\n|-singleturn|p1b: Primarina|Protect\n|move|p2a: Incineroar|Fake Out|p1b: Primarina\n|-activate|p1b: Primarina|move: Protect\n|move|p2b: Whimsicott|U-turn|p1a: Clefable\n|-resisted|p1a: Clefable|2\n|-damage|p1a: Clefable|98/100\n|\n|t:|1775881166\n|switch|p2b: Emboar|Emboar, L50, F|100/100|[from] U-turn\n|move|p1a: Clefable|Moonblast|p2a: Incineroar\n|-damage|p2a: Incineroar|70/100\n|\n|-heal|p2a: Incineroar|76/100|[from] item: Leftovers\n|upkeep\n|turn|2\n|\n|t:|1775881191\n|detailschange|p2b: Emboar|Emboar-Mega, L50, F\n|-mega|p2b: Emboar|Emboar|Emboarite\n|-ability|p2b: Emboar|Mold Breaker\n|move|p1a: Clefable|Helping Hand|p1b: Primarina\n|-singleturn|p1b: Primarina|Helping Hand|[of] p1a: Clefable\n|move|p2b: Emboar|Flare Blitz|p1a: Clefable\n|-damage|p1a: Clefable|45/100\n|-damage|p2b: Emboar|84/100|[from] Recoil\n|move|p1b: Primarina|Hyper Voice|p2a: Incineroar|[spread] p2a,p2b\n|-supereffective|p2a: Incineroar|1\n|-supereffective|p2b: Emboar|1\n|-damage|p2a: Incineroar|0 fnt\n|-damage|p2b: Emboar|0 fnt\n|faint|p2a: Incineroar\n|faint|p2b: Emboar\n|\n|upkeep\n|\n|t:|1775881202\n|switch|p2b: Whimsicott|Whimsicott, L50, F|100/100\n|switch|p2a: Whimsicott|Whimsicott, L50, F|100/100\n|turn|3\n|inactive|fooflybag has 30 seconds left.\n|\n|t:|1775881231\n|move|p2a: Whimsicott|Dark Pulse|p1a: Clefable\n|-resisted|p1a: Clefable|1\n|-damage|p1a: Clefable|30/100\n|move|p2b: Whimsicott|Moonblast|p1a: Clefable\n|-damage|p1a: Clefable|9/100\n|move|p1b: Primarina|Icy Wind|p2b: Whimsicott|[spread] p2a,p2b\n|-supereffective|p2b: Whimsicott|1\n|-damage|p2a: Whimsicott|70/100\n|-damage|p2b: Whimsicott|46/100\n|-unboost|p2a: Whimsicott|spe|1\n|-unboost|p2b: Whimsicott|spe|1\n|replace|p2a: Zorakirk|Zoroark, L50, F\n|-end|p2a: Zorakirk|Illusion\n|move|p1a: Clefable|Moonblast|p2a: Zorakirk\n|-supereffective|p2a: Zorakirk|1\n|-damage|p2a: Zorakirk|0 fnt\n|faint|p2a: Zorakirk\n|\n|upkeep\n|turn|4\n|\n|t:|1775881252\n|move|p2b: Whimsicott|Moonblast|p1a: Clefable\n|-damage|p1a: Clefable|0 fnt\n|faint|p1a: Clefable\n|move|p1b: Primarina|Moonblast|p2b: Whimsicott\n|-damage|p2b: Whimsicott|0 fnt\n|faint|p2b: Whimsicott\n|\n|win|fooflybag\n|raw|fooflybag's rating: 1034 &rarr; <strong>1065</strong><br />(+31 for winning)\n|raw|asafasfa's rating: 1000 &rarr; <strong>1000</strong><br />(+0 for losing)\n|c|\u2606fooflybag|gg\n",
  "uploadtime": 1775881354,
  "views": 43,
  "formatid": "gen9championsvgc2026regma",
  "rating": 1000,
  "private": 0,
  "password": null
}