{
  "id": "gen9championsvgc2026regma-2588689486",
  "format": "[Gen 9 Champions] VGC 2026 Reg M-A",
  "players": [
    "KeoneSpirit",
    "ILOVESUNFOREVER"
  ],
  "log": "|j|\u2606KeoneSpirit\n|j|\u2606ILOVESUNFOREVER\n|t:|1776658036\n|gametype|doubles\n|player|p1|KeoneSpirit|170|1258\n|player|p2|ILOVESUNFOREVER|1|1211\n|gen|9\n|tier|[Gen 9 Champions] VGC 2026 Reg M-A\n|rated|\n|rule|Species Clause: Limit one of each Pok\u00e9mon\n|rule|Item Clause: Limit 1 of each item\n|clearpoke\n|poke|p1|Sinistcha, L50|\n|poke|p1|Oranguru, L50, F, shiny|\n|poke|p1|Torkoal, L50, M, shiny|\n|poke|p1|Garchomp, L50, F, shiny|\n|poke|p1|Vivillon-Polar, L50, M, shiny|\n|poke|p1|Golurk, L50, shiny|\n|poke|p2|Floette-Eternal, L50, F|\n|poke|p2|Sylveon, L50, F|\n|poke|p2|Garchomp, L50, M|\n|poke|p2|Corviknight, L50, F|\n|poke|p2|Talonflame, L50, F|\n|poke|p2|Torkoal, L50, M|\n|teampreview|4\n|inactive|Battle timer is ON: inactive players will automatically lose when time's up. (requested by ILOVESUNFOREVER)\nILOVESUNFOREVER rejected open team sheets.\n|inactive|KeoneSpirit has 60 seconds left.\n|\n|t:|1776658089\n|teamsize|p1|4\n|teamsize|p2|4\n|start\n|switch|p1a: Oranguru|Oranguru, L50, F, shiny|100/100\n|switch|p1b: Torkoal|Torkoal, L50, M, shiny|100/100\n|switch|p2a: Floette|Floette-Eternal, L50, F|100/100\n|switch|p2b: Sylveon|Sylveon, L50, F|100/100\n|-weather|SunnyDay|[from] ability: Drought|[of] p1b: Torkoal\n|turn|1\n|\n|t:|1776658107\n|detailschange|p2a: Floette|Floette-Mega, L50, F\n|-mega|p2a: Floette|Floette|Floettite\n|-ability|p2a: Floette|Fairy Aura\n|move|p1b: Torkoal|Protect|p1b: Torkoal\n|-singleturn|p1b: Torkoal|Protect\n|move|p2a: Floette|Moonblast|p1a: Oranguru\n|-damage|p1a: Oranguru|47/100\n|move|p2b: Sylveon|Moonblast|p1a: Oranguru\n|-damage|p1a: Oranguru|0 fnt\n|faint|p1a: Oranguru\n|\n|-weather|SunnyDay|[upkeep]\n|upkeep\n|\n|t:|1776658117\n|switch|p1a: Sinistcha|Sinistcha, L50|100/100\n|turn|2\n|\n|t:|1776658128\n|move|p2a: Floette|Moonblast|p1a: Sinistcha\n|-damage|p1a: Sinistcha|15/100\n|-enditem|p1a: Sinistcha|Sitrus Berry|[eat]\n|-heal|p1a: Sinistcha|39/100|[from] item: Sitrus Berry\n|move|p2b: Sylveon|Moonblast|p1a: Sinistcha\n|-damage|p1a: Sinistcha|0 fnt\n|faint|p1a: Sinistcha\n|move|p1b: Torkoal|Heat Wave|p2a: Floette|[spread] p2a,p2b\n|-damage|p2a: Floette|63/100\n|-damage|p2b: Sylveon|62/100\n|\n|-weather|SunnyDay|[upkeep]\n|upkeep\n|\n|t:|1776658140\n|switch|p1a: Golurk|Golurk, L50, shiny|100/100\n|turn|3\n|\n|t:|1776658146\n|move|p1a: Golurk|Protect|p1a: Golurk\n|-singleturn|p1a: Golurk|Protect\n|move|p2a: Floette|Light of Ruin|p1b: Torkoal\n|-resisted|p1b: Torkoal|1\n|-damage|p1b: Torkoal|30/100\n|-damage|p2a: Floette|29/100|[from] Recoil\n|move|p2b: Sylveon|Hyper Beam|p1b: Torkoal\n|-resisted|p1b: Torkoal|1\n|-damage|p1b: Torkoal|0 fnt\n|-mustrecharge|p2b: Sylveon\n|faint|p1b: Torkoal\n|\n|-weather|SunnyDay|[upkeep]\n|upkeep\n|turn|4\n|-message|KeoneSpirit forfeited.\n|\n|win|ILOVESUNFOREVER\n|raw|KeoneSpirit's rating: 1258 &rarr; <strong>1230</strong><br />(-28 for losing)\n|raw|ILOVESUNFOREVER's rating: 1211 &rarr; <strong>1239</strong><br />(+28 for winning)\n|l|\u2606KeoneSpirit\n|player|p1|\n",
  "uploadtime": 1776658158,
  "views": 9,
  "formatid": "gen9championsvgc2026regma",
  "rating": 1230,
  "private": 0,
  "password": null
}