{
  "id": "gen9championsvgc2026regma-2585510852",
  "format": "[Gen 9 Champions] VGC 2026 Reg M-A",
  "players": [
    "Drcheems19",
    "Dlvlnus"
  ],
  "log": "|j|\u2606Drcheems19\n|j|\u2606Dlvlnus\n|t:|1776352413\n|gametype|doubles\n|player|p1|Drcheems19|169|1064\n|player|p2|Dlvlnus|102|1000\n|gen|9\n|tier|[Gen 9 Champions] VGC 2026 Reg M-A\n|rated|\n|rule|Species Clause: Limit one of each Pok\u00e9mon\n|rule|Item Clause: Limit 1 of each item\n|clearpoke\n|poke|p1|Alakazam, L50, M|\n|poke|p1|Ceruledge, L50, M|\n|poke|p1|Altaria, L50, F|\n|poke|p1|Incineroar, L50, F|\n|poke|p1|Dragapult, L50, M|\n|poke|p1|Sneasler, L50, M|\n|poke|p2|Gardevoir, L50, M|\n|poke|p2|Excadrill, L50, M|\n|poke|p2|Incineroar, L50, M|\n|poke|p2|Gengar, L50, F|\n|poke|p2|Sneasler, L50, F|\n|poke|p2|Sableye, L50, F|\n|teampreview|4\n|inactive|Battle timer is ON: inactive players will automatically lose when time's up. (requested by Drcheems19)\nDlvlnus has agreed to open team sheets.\n|inactive|Drcheems19 has 60 seconds left.\n|\n|t:|1776352456\n|teamsize|p1|4\n|teamsize|p2|4\n|start\n|switch|p1a: Incineroar|Incineroar, L50, F|100/100\n|switch|p1b: Altaria|Altaria, L50, F|100/100\n|switch|p2a: Heaven Piercer|Excadrill, L50, M|100/100\n|switch|p2b: Harvest|Sableye, L50, F|100/100\n|-ability|p1b: Altaria|Cloud Nine\n|-ability|p1a: Incineroar|Intimidate|boost\n|-unboost|p2a: Heaven Piercer|atk|1\n|-unboost|p2b: Harvest|atk|1\n|turn|1\n|inactive|Drcheems19 has 30 seconds left.\n|inactive|Dlvlnus has 30 seconds left.\n|\n|t:|1776352489\n|move|p2b: Harvest|Trick|p1b: Altaria\n|-activate|p2b: Harvest|move: Trick|[of] p1b: Altaria\n|-item|p1b: Altaria|Choice Scarf|[from] move: Trick\n|-item|p2b: Harvest|Roseli Berry|[from] move: Trick\n|move|p2a: Heaven Piercer|Swords Dance|p2a: Heaven Piercer\n|-boost|p2a: Heaven Piercer|atk|2\n|move|p1b: Altaria|Will-O-Wisp|p2a: Heaven Piercer\n|-status|p2a: Heaven Piercer|brn\n|move|p1a: Incineroar|Darkest Lariat|p2b: Harvest\n|-damage|p2b: Harvest|41/100\n|\n|-damage|p2a: Heaven Piercer|95/100 brn|[from] brn\n|upkeep\n|turn|2\n|\n|t:|1776352505\n|move|p2b: Harvest|Encore|p1b: Altaria\n|-start|p1b: Altaria|Encore\n|move|p2a: Heaven Piercer|Swords Dance|p2a: Heaven Piercer\n|-boost|p2a: Heaven Piercer|atk|2\n|move|p1b: Altaria|Will-O-Wisp|p2b: Harvest\n|-status|p2b: Harvest|brn\n|move|p1a: Incineroar|Flare Blitz|p2a: Heaven Piercer\n|-supereffective|p2a: Heaven Piercer|1\n|-damage|p2a: Heaven Piercer|0 fnt\n|faint|p2a: Heaven Piercer\n|-damage|p1a: Incineroar|70/100|[from] Recoil\n|\n|-damage|p2b: Harvest|36/100 brn|[from] brn\n|upkeep\n|\n|t:|1776352519\n|switch|p2a: Big Stall|Incineroar, L50, M|100/100\n|-ability|p2a: Big Stall|Intimidate|boost\n|-unboost|p1a: Incineroar|atk|1\n|-unboost|p1b: Altaria|atk|1\n|turn|3\n|c|\u2606Drcheems19|Idk If you know what you did\n|\n|t:|1776352538\n|switch|p1b: Sneasler|Sneasler, L50, M|100/100\n|move|p2b: Harvest|Detect|p2b: Harvest\n|-singleturn|p2b: Harvest|Protect\n|move|p2a: Big Stall|Parting Shot|p1a: Incineroar\n|-unboost|p1a: Incineroar|atk|1\n|-unboost|p1a: Incineroar|spa|1\n|\n|t:|1776352545\n|switch|p2a: White Girl|Gardevoir, L50, M, shiny|100/100|[from] Parting Shot\n|move|p1a: Incineroar|Darkest Lariat|p2b: Harvest\n|-activate|p2b: Harvest|move: Protect\n|\n|-damage|p2b: Harvest|30/100 brn|[from] brn\n|upkeep\n|turn|4\n|c|\u2606Drcheems19|Bruh\n|c|\u2606Drcheems19|H\n|\n|t:|1776352567\n|move|p2b: Harvest|Trick|p1b: Sneasler\n|-activate|p2b: Harvest|move: Trick|[of] p1b: Sneasler\n|-item|p1b: Sneasler|Roseli Berry|[from] move: Trick\n|-enditem|p2b: Harvest|White Herb\n|-clearnegativeboost|p2b: Harvest|[silent]\n|-item|p2b: Harvest|White Herb|[from] move: Trick\n|move|p1b: Sneasler|Dire Claw|p2a: White Girl\n|-supereffective|p2a: White Girl|1\n|-damage|p2a: White Girl|0 fnt\n|faint|p2a: White Girl\n|move|p1a: Incineroar|Darkest Lariat|p2b: Harvest\n|-damage|p2b: Harvest|0 fnt\n|faint|p2b: Harvest\n|\n|upkeep\n|-message|Dlvlnus forfeited.\n|\n|win|Drcheems19\n|raw|Drcheems19's rating: 1064 &rarr; <strong>1089</strong><br />(+25 for winning)\n|raw|Dlvlnus's rating: 1000 &rarr; <strong>1000</strong><br />(+0 for losing)\n|c|\u2606Drcheems19|Ez?\n|l|\u2606Dlvlnus\n|player|p2|\n",
  "uploadtime": 1776352583,
  "views": 21,
  "formatid": "gen9championsvgc2026regma",
  "rating": 1000,
  "private": 0,
  "password": null
}