{
  "id": "gen9championsvgc2026regma-2588856806",
  "format": "[Gen 9 Champions] VGC 2026 Reg M-A",
  "players": [
    "Gjilly",
    "bing111"
  ],
  "log": "|j|\u2606Gjilly\n|j|\u2606bing111\n|t:|1776679151\n|gametype|doubles\n|player|p1|Gjilly|scientist-gen4|1049\n|player|p2|bing111|265|1007\n|gen|9\n|tier|[Gen 9 Champions] VGC 2026 Reg M-A\n|rated|\n|rule|Species Clause: Limit one of each Pok\u00e9mon\n|rule|Item Clause: Limit 1 of each item\n|clearpoke\n|poke|p1|Froslass, L50, F|\n|poke|p1|Incineroar, L50, M|\n|poke|p1|Whimsicott, L50, F|\n|poke|p1|Orthworm, L50, F|\n|poke|p1|Diggersby, L50, F, shiny|\n|poke|p1|Palafin, L50, M, shiny|\n|poke|p2|Lucario, L50, M|\n|poke|p2|Hydreigon, L50, M|\n|poke|p2|Palafin, L50, F|\n|poke|p2|Incineroar, L50, F|\n|poke|p2|Sneasler, L50, M|\n|poke|p2|Typhlosion-Hisui, L50, F|\n|teampreview|4\n|\n|t:|1776679184\n|teamsize|p1|4\n|teamsize|p2|4\n|start\n|switch|p1a: Whimsicott|Whimsicott, L50, F|100/100\n|switch|p1b: Incineroar|Incineroar, L50, M|100/100\n|switch|p2a: Hydreigon|Hydreigon, L50, M|100/100\n|switch|p2b: Palafin|Palafin, L50, F|100/100\n|-ability|p1b: Incineroar|Intimidate|boost\n|-unboost|p2a: Hydreigon|atk|1\n|-unboost|p2b: Palafin|atk|1\n|turn|1\n|\n|t:|1776679208\n|move|p1b: Incineroar|Fake Out|p2b: Palafin\n|-damage|p2b: Palafin|86/100\n|cant|p2b: Palafin|flinch\n|move|p2a: Hydreigon|Earth Power|p1b: Incineroar\n|-supereffective|p1b: Incineroar|1\n|-damage|p1b: Incineroar|52/100\n|move|p1a: Whimsicott|Moonblast|p2a: Hydreigon\n|-supereffective|p2a: Hydreigon|2\n|-damage|p2a: Hydreigon|0 fnt\n|faint|p2a: Hydreigon\n|\n|-heal|p1b: Incineroar|58/100|[from] item: Leftovers\n|upkeep\n|\n|t:|1776679218\n|switch|p2a: Sneasler|Sneasler, L50, M|100/100\n|turn|2\n|\n|t:|1776679226\n|move|p1a: Whimsicott|Tailwind|p1a: Whimsicott\n|-sidestart|p1: Gjilly|move: Tailwind\n|move|p2a: Sneasler|Dire Claw|p1a: Whimsicott\n|-supereffective|p1a: Whimsicott|2\n|-damage|p1a: Whimsicott|0 fnt\n|faint|p1a: Whimsicott\n|move|p2b: Palafin|Flip Turn|p1b: Incineroar\n|-supereffective|p1b: Incineroar|1\n|-damage|p1b: Incineroar|25/100\n|\n|t:|1776679234\n|detailschange|p2b: Palafin|Palafin-Hero, L50, F\n|switch|p2b: Lucario|Lucario, L50, M|100/100|[from] Flip Turn\n|move|p1b: Incineroar|Parting Shot|p2a: Sneasler\n|-unboost|p2a: Sneasler|atk|1\n|-unboost|p2a: Sneasler|spa|1\n|\n|t:|1776679238\n|switch|p1b: Orthworm|Orthworm, L50, F|100/100|[from] Parting Shot\n|-enditem|p2a: Sneasler|White Herb\n|-clearnegativeboost|p2a: Sneasler|[silent]\n|\n|upkeep\n|\n|t:|1776679239\n|switch|p1a: Diggersby|Diggersby, L50, F, shiny|100/100\n|turn|3\n|inactive|Battle timer is ON: inactive players will automatically lose when time's up. (requested by Gjilly)\n|\n|t:|1776679262\n|detailschange|p2b: Lucario|Lucario-Mega, L50, M\n|-mega|p2b: Lucario|Lucario|Lucarionite\n|move|p2a: Sneasler|Close Combat|p1b: Orthworm\n|-supereffective|p1b: Orthworm|1\n|-damage|p1b: Orthworm|25/100\n|-unboost|p2a: Sneasler|def|1\n|-unboost|p2a: Sneasler|spd|1\n|-enditem|p1b: Orthworm|Sitrus Berry|[eat]\n|-heal|p1b: Orthworm|50/100|[from] item: Sitrus Berry\n|move|p1a: Diggersby|Earthquake|p2b: Lucario|[spread] p2a,p2b\n|-heal|p1b: Orthworm|75/100|[from] ability: Earth Eater|[of] p1a: Diggersby\n|-supereffective|p2a: Sneasler|1\n|-supereffective|p2b: Lucario|1\n|-damage|p2a: Sneasler|0 fnt\n|-damage|p2b: Lucario|0 fnt\n|faint|p2a: Sneasler\n|faint|p2b: Lucario\n|move|p1b: Orthworm|Body Press|p2: Sneasler|[notarget]\n|-fail|p1b: Orthworm\n|\n|upkeep\n|\n|t:|1776679273\n|switch|p2b: Palafin|Palafin-Hero, L50, F|86/100\n|-activate|p2b: Palafin|ability: Zero to Hero\n|turn|4\n|\n|t:|1776679288\n|move|p1a: Diggersby|Earthquake|p2b: Palafin|[spread] p2b\n|-heal|p1b: Orthworm|99/100|[from] ability: Earth Eater|[of] p1a: Diggersby\n|-damage|p2b: Palafin|21/100\n|move|p1b: Orthworm|Body Press|p2b: Palafin\n|-damage|p2b: Palafin|0 fnt\n|faint|p2b: Palafin\n|\n|win|Gjilly\n|raw|Gjilly's rating: 1049 &rarr; <strong>1078</strong><br />(+29 for winning)\n|raw|bing111's rating: 1007 &rarr; <strong>1000</strong><br />(-7 for losing)\n|l|\u2606bing111\n|player|p2|\n",
  "uploadtime": 1776679298,
  "views": 13,
  "formatid": "gen9championsvgc2026regma",
  "rating": 1000,
  "private": 0,
  "password": null
}