{
  "id": "gen9championsvgc2026regma-2586493911",
  "format": "[Gen 9 Champions] VGC 2026 Reg M-A",
  "players": [
    "baggedchikin",
    "Crash0utVGC"
  ],
  "log": "|j|\u2606baggedchikin\n|j|\u2606Crash0utVGC\n|t:|1776438534\n|gametype|doubles\n|player|p1|baggedchikin|gentleman-gen4|1306\n|player|p2|Crash0utVGC|colress|1261\n|gen|9\n|tier|[Gen 9 Champions] VGC 2026 Reg M-A\n|rated|\n|rule|Species Clause: Limit one of each Pok\u00e9mon\n|rule|Item Clause: Limit 1 of each item\n|clearpoke\n|poke|p1|Lycanroc, L50, M|\n|poke|p1|Tyranitar, L50, M|\n|poke|p1|Basculegion, L50, M|\n|poke|p1|Sinistcha, L50|\n|poke|p1|Orthworm, L50, F|\n|poke|p1|Camerupt, L50, M|\n|poke|p2|Incineroar, L50, M|\n|poke|p2|Garchomp, L50, M|\n|poke|p2|Aerodactyl, L50, M|\n|poke|p2|Floette-Eternal, L50, F|\n|poke|p2|Sneasler, L50, M|\n|poke|p2|Rotom-Wash, L50|\n|teampreview|4\n|\n|t:|1776438578\n|teamsize|p1|4\n|teamsize|p2|4\n|start\n|switch|p1a: Sinistcha|Sinistcha, L50|100/100\n|switch|p1b: Basculegion|Basculegion, L50, M|100/100\n|switch|p2a: Garchomp|Garchomp, L50, M|100/100\n|switch|p2b: Rotom|Rotom-Wash, L50|100/100\n|turn|1\n|\n|t:|1776438594\n|move|p2b: Rotom|Electroweb|p1b: Basculegion|[spread] p1a,p1b\n|-resisted|p1a: Sinistcha|1\n|-supereffective|p1b: Basculegion|1\n|-damage|p1a: Sinistcha|94/100\n|-damage|p1b: Basculegion|67/100\n|-unboost|p1a: Sinistcha|spe|1\n|-unboost|p1b: Basculegion|spe|1\n|move|p2a: Garchomp|Dragon Claw|p1b: Basculegion\n|-damage|p1b: Basculegion|15/100\n|move|p1b: Basculegion|Flip Turn|p2a: Garchomp\n|-damage|p2a: Garchomp|60/100\n|-damage|p1b: Basculegion|3/100|[from] ability: Rough Skin|[of] p2a: Garchomp\n|\n|t:|1776438600\n|switch|p1b: Orthworm|Orthworm, L50, F|100/100|[from] Flip Turn\n|move|p1a: Sinistcha|Trick Room|p1a: Sinistcha\n|-fieldstart|move: Trick Room|[of] p1a: Sinistcha\n|\n|upkeep\n|turn|2\n|\n|t:|1776438612\n|move|p1a: Sinistcha|Matcha Gotcha|p2b: Rotom|[spread] p2a,p2b\n|-supereffective|p2b: Rotom|1\n|-damage|p2a: Garchomp|32/100\n|-heal|p1a: Sinistcha|100/100|[from] drain|[of] p2a: Garchomp\n|-damage|p2b: Rotom|50/100\n|-status|p2a: Garchomp|brn\n|-status|p2b: Rotom|brn\n|move|p1b: Orthworm|Shed Tail|p1b: Orthworm\n|-start|p1b: Orthworm|Substitute|[from] move: Shed Tail\n|-damage|p1b: Orthworm|50/100\n|-enditem|p1b: Orthworm|Sitrus Berry|[eat]\n|-heal|p1b: Orthworm|75/100|[from] item: Sitrus Berry\n|\n|t:|1776438625\n|switch|p1b: Camerupt|Camerupt, L50, M|100/100|[from] Shed Tail\n|move|p2a: Garchomp|Dragon Claw|p1a: Sinistcha\n|-crit|p1a: Sinistcha\n|-damage|p1a: Sinistcha|73/100\n|move|p2b: Rotom|Electroweb|p1a: Sinistcha|[spread] p1a\n|-immune|p1b: Camerupt\n|-resisted|p1a: Sinistcha|1\n|-damage|p1a: Sinistcha|66/100\n|-unboost|p1a: Sinistcha|spe|1\n|\n|-damage|p2a: Garchomp|26/100 brn|[from] brn\n|-damage|p2b: Rotom|44/100 brn|[from] brn\n|upkeep\n|turn|3\n|-message|Crash0utVGC forfeited.\n|\n|win|baggedchikin\n|raw|baggedchikin's rating: 1306 &rarr; <strong>1323</strong><br />(+17 for winning)\n|raw|Crash0utVGC's rating: 1261 &rarr; <strong>1239</strong><br />(-22 for losing)\n",
  "uploadtime": 1776438632,
  "views": 43,
  "formatid": "gen9championsvgc2026regma",
  "rating": 1239,
  "private": 0,
  "password": null
}