{
  "id": "gen9championsvgc2026regma-2587266152",
  "format": "[Gen 9 Champions] VGC 2026 Reg M-A",
  "players": [
    "hide on whimscott",
    "guorongjia"
  ],
  "log": "|j|\u2606hide on whimscott\n|j|\u2606guorongjia\n|t:|1776516240\n|gametype|doubles\n|player|p1|hide on whimscott|artist-gen4|1398\n|player|p2|guorongjia|miku-water|1476\n|gen|9\n|tier|[Gen 9 Champions] VGC 2026 Reg M-A\n|rated|\n|rule|Species Clause: Limit one of each Pok\u00e9mon\n|rule|Item Clause: Limit 1 of each item\n|clearpoke\n|poke|p1|Venusaur, L50, F|\n|poke|p1|Sneasler, L50, M|\n|poke|p1|Kingambit, L50, F|\n|poke|p1|Incineroar, L50, M|\n|poke|p1|Basculegion, L50, M|\n|poke|p1|Charizard, L50, F|\n|poke|p2|Gengar, L50, F, shiny|\n|poke|p2|Basculegion, L50, M, shiny|\n|poke|p2|Sneasler, L50, F, shiny|\n|poke|p2|Maushold, L50, shiny|\n|poke|p2|Pelipper, L50, F, shiny|\n|poke|p2|Kingambit, L50, F, shiny|\n|teampreview|4\n|inactive|Battle timer is ON: inactive players will automatically lose when time's up. (requested by guorongjia)\n|inactive|hide on whimscott has 60 seconds left.\n|\n|t:|1776516276\n|teamsize|p1|4\n|teamsize|p2|4\n|start\n|switch|p1a: Charizard|Charizard, L50, F|100/100\n|switch|p1b: Sneasler|Sneasler, L50, M|100/100\n|switch|p2a: Sneasler|Sneasler, L50, F, shiny|100/100\n|switch|p2b: Gengar|Gengar, L50, F, shiny|100/100\n|turn|1\n|\n|t:|1776516301\n|detailschange|p2b: Gengar|Gengar-Mega, L50, F, shiny\n|-mega|p2b: Gengar|Gengar|Gengarite\n|detailschange|p1a: Charizard|Charizard-Mega-X, L50, F\n|-mega|p1a: Charizard|Charizard|Charizardite X\n|move|p2a: Sneasler|Fake Out|p1a: Charizard\n|-damage|p1a: Charizard|87/100\n|move|p1b: Sneasler|Fake Out|p2a: Sneasler\n|-damage|p2a: Sneasler|73/100\n|move|p2b: Gengar|Sludge Bomb|p1a: Charizard\n|-damage|p1a: Charizard|28/100\n|-status|p1a: Charizard|psn\n|cant|p1a: Charizard|flinch\n|\n|-damage|p1a: Charizard|15/100 psn|[from] psn\n|upkeep\n|turn|2\n|\n|t:|1776516323\n|move|p2b: Gengar|Icy Wind|p1a: Charizard|[spread] p1a,p1b\n|-damage|p1a: Charizard|0 fnt\n|-damage|p1b: Sneasler|79/100\n|-unboost|p1b: Sneasler|spe|1\n|faint|p1a: Charizard\n|move|p2a: Sneasler|Close Combat|p1b: Sneasler\n|-resisted|p1b: Sneasler|1\n|-damage|p1b: Sneasler|20/100\n|-unboost|p2a: Sneasler|def|1\n|-unboost|p2a: Sneasler|spd|1\n|-enditem|p2a: Sneasler|White Herb\n|-clearnegativeboost|p2a: Sneasler|[silent]\n|move|p1b: Sneasler|Close Combat|p2a: Sneasler\n|-resisted|p2a: Sneasler|1\n|-damage|p2a: Sneasler|20/100\n|-unboost|p1b: Sneasler|def|1\n|-unboost|p1b: Sneasler|spd|1\n|\n|upkeep\n|\n|t:|1776516335\n|switch|p1a: Basculegion|Basculegion, L50, M|100/100\n|turn|3\n|\n|t:|1776516344\n|move|p2b: Gengar|Protect|p2b: Gengar\n|-singleturn|p2b: Gengar|Protect\n|move|p2a: Sneasler|Close Combat|p1b: Sneasler\n|-resisted|p1b: Sneasler|1\n|-damage|p1b: Sneasler|0 fnt\n|-unboost|p2a: Sneasler|def|1\n|-unboost|p2a: Sneasler|spd|1\n|faint|p1b: Sneasler\n|move|p1a: Basculegion|Last Respects|p2a: Sneasler\n|-damage|p2a: Sneasler|0 fnt\n|faint|p2a: Sneasler\n|\n|upkeep\n|\n|t:|1776516354\n|switch|p2a: Kingambit|Kingambit, L50, F, shiny|100/100\n|switch|p1b: Kingambit|Kingambit, L50, F|100/100\n|turn|4\n|-message|hide on whimscott forfeited.\n|\n|win|guorongjia\n|raw|hide on whimscott's rating: 1398 &rarr; <strong>1382</strong><br />(-16 for losing)\n|raw|guorongjia's rating: 1476 &rarr; <strong>1492</strong><br />(+16 for winning)\n",
  "uploadtime": 1776516359,
  "views": 24,
  "formatid": "gen9championsvgc2026regma",
  "rating": 1382,
  "private": 0,
  "password": null
}