{
  "id": "gen9championsvgc2026regma-2584849338",
  "format": "[Gen 9 Champions] VGC 2026 Reg M-A",
  "players": [
    "AlejoSv8",
    "Jax4263808"
  ],
  "log": "|j|\u2606AlejoSv8\n|j|\u2606Jax4263808\n|t:|1776288473\n|gametype|doubles\n|player|p1|AlejoSv8|blackbelt-gen4|1131\n|player|p2|Jax4263808|1|1068\n|gen|9\n|tier|[Gen 9 Champions] VGC 2026 Reg M-A\n|rated|\n|rule|Species Clause: Limit one of each Pok\u00e9mon\n|rule|Item Clause: Limit 1 of each item\n|clearpoke\n|poke|p1|Torkoal, L50, F|\n|poke|p1|Gallade, L50, M|\n|poke|p1|Venusaur, L50, M|\n|poke|p1|Farigiraf, L50, F|\n|poke|p1|Charizard, L50, M|\n|poke|p1|Garchomp, L50, M|\n|poke|p2|Starmie, L50|\n|poke|p2|Sableye, L50, M|\n|poke|p2|Dragonite, L50, M|\n|poke|p2|Conkeldurr, L50, M|\n|poke|p2|Blastoise, L50, F|\n|poke|p2|Whimsicott, L50, M|\n|teampreview|4\nAlejoSv8 has agreed to open team sheets.\n|\n|t:|1776288511\n|teamsize|p1|4\n|teamsize|p2|4\n|start\n|switch|p1a: Farigiraf|Farigiraf, L50, F|100/100\n|switch|p1b: Gallade|Gallade, L50, M|100/100\n|switch|p2a: Starmie|Starmie, L50|100/100\n|switch|p2b: Sableye|Sableye, L50, M|100/100\n|turn|1\n|\n|t:|1776288540\n|detailschange|p2a: Starmie|Starmie-Mega, L50\n|-mega|p2a: Starmie|Starmie|Starminite\n|move|p2b: Sableye|Helping Hand|p2a: Starmie\n|-singleturn|p2a: Starmie|Helping Hand|[of] p2b: Sableye\n|move|p2a: Starmie|Self-Destruct|p1b: Gallade|[spread] p1a,p1b\n|-immune|p2b: Sableye\n|-damage|p1a: Farigiraf|0 fnt\n|-damage|p1b: Gallade|0 fnt\n|faint|p2a: Starmie\n|faint|p1a: Farigiraf\n|faint|p1b: Gallade\n|\n|upkeep\n|\n|t:|1776288552\n|switch|p2a: Conkeldurr|Conkeldurr, L50, M|100/100\n|switch|p1b: Venusaur|Venusaur, L50, M|100/100\n|switch|p1a: Torkoal|Torkoal, L50, F|100/100\n|-weather|SunnyDay|[from] ability: Drought|[of] p1a: Torkoal\n|turn|2\n|\n|t:|1776288567\n|move|p2b: Sableye|Will-O-Wisp|p2a: Conkeldurr\n|-status|p2a: Conkeldurr|brn\n|move|p1b: Venusaur|Energy Ball|p2b: Sableye\n|-damage|p2b: Sableye|26/100\n|move|p2a: Conkeldurr|Drain Punch|p1a: Torkoal\n|-damage|p1a: Torkoal|34/100\n|move|p1a: Torkoal|Eruption|p2a: Conkeldurr|[spread] p2a,p2b\n|-damage|p2a: Conkeldurr|70/100 brn\n|-damage|p2b: Sableye|0 fnt\n|faint|p2b: Sableye\n|\n|-weather|SunnyDay|[upkeep]\n|-damage|p2a: Conkeldurr|64/100 brn|[from] brn\n|upkeep\n|\n|t:|1776288584\n|switch|p2b: Dragonite|Dragonite, L50, M|100/100\n|turn|3\n|\n|t:|1776288603\n|move|p1a: Torkoal|Protect|p1a: Torkoal\n|-singleturn|p1a: Torkoal|Protect\n|move|p2b: Dragonite|Extreme Speed|p1b: Venusaur\n|-damage|p1b: Venusaur|55/100\n|move|p1b: Venusaur|Energy Ball|p2a: Conkeldurr\n|-damage|p2a: Conkeldurr|15/100 brn\n|move|p2a: Conkeldurr|Knock Off|p1b: Venusaur\n|-damage|p1b: Venusaur|0 fnt\n|-enditem|p1b: Venusaur|Focus Sash|[from] move: Knock Off|[of] p2a: Conkeldurr\n|faint|p1b: Venusaur\n|\n|-weather|SunnyDay|[upkeep]\n|-damage|p2a: Conkeldurr|9/100 brn|[from] brn\n|upkeep\n|turn|4\n|\n|t:|1776288622\n|move|p2b: Dragonite|Extreme Speed|p1a: Torkoal\n|-damage|p1a: Torkoal|7/100\n|move|p2a: Conkeldurr|Drain Punch|p1a: Torkoal\n|-damage|p1a: Torkoal|0 fnt\n|-heal|p2a: Conkeldurr|13/100 brn|[from] drain|[of] p1a: Torkoal\n|faint|p1a: Torkoal\n|\n|win|Jax4263808\n|raw|AlejoSv8's rating: 1131 &rarr; <strong>1102</strong><br />(-29 for losing)\n|raw|Jax4263808's rating: 1068 &rarr; <strong>1103</strong><br />(+35 for winning)\n",
  "uploadtime": 1776288631,
  "views": 18,
  "formatid": "gen9championsvgc2026regma",
  "rating": 1102,
  "private": 0,
  "password": null
}