{
  "id": "gen9championsvgc2026regma-2582560563",
  "format": "[Gen 9 Champions] VGC 2026 Reg M-A",
  "players": [
    "magicalarcher57",
    "Im_Neutro"
  ],
  "log": "|j|\u2606magicalarcher57\n|j|\u2606Im_Neutro\n|t:|1776099418\n|gametype|doubles\n|player|p1|magicalarcher57|cynthia-masters4|\n|player|p2|Im_Neutro|steven|\n|gen|9\n|tier|[Gen 9 Champions] VGC 2026 Reg M-A\n|rated|Tournament battle\n|rule|Species Clause: Limit one of each Pok\u00e9mon\n|rule|Item Clause: Limit 1 of each item\n|raw|<div class=\"infobox\"><details class=\"readmore\" open><summary><strong>1 custom rule:</strong></summary> Force Open Team Sheets</details></div>\n|clearpoke\n|poke|p1|Kangaskhan, L50, F|\n|poke|p1|Farigiraf, L50, F|\n|poke|p1|Basculegion, L50, M|\n|poke|p1|Talonflame, L50, M|\n|poke|p1|Sneasler, L50, M|\n|poke|p1|Charizard, L50, F|\n|poke|p2|Milotic, L50, F|\n|poke|p2|Gengar, L50, M|\n|poke|p2|Whimsicott, L50, F|\n|poke|p2|Scizor, L50, M|\n|poke|p2|Garchomp, L50, M|\n|poke|p2|Farigiraf, L50, F|\n|teampreview|4\n|showteam|p1|Kangaskhan||Kangaskhanite|Scrappy|FakeOut,HammerArm,DoubleEdge,Crunch|||F|||50|]Farigiraf||ColburBerry|ArmorTail|ShadowBall,HyperVoice,TrickRoom,Psychic|||F|||50|]Basculegion||MysticWater|Adaptability|WaveCrash,LastRespects,AquaJet,Protect|||M|||50|]Talonflame||SharpBeak|GaleWings|Tailwind,Taunt,BraveBird,FlareBlitz|||M|||50|]Sneasler||FocusSash|Unburden|FakeOut,CloseCombat,DireClaw,Protect|||M|||50|]Charizard||CharizarditeY|SolarPower|HeatWave,Protect,SolarBeam,Overheat|||F|||50|\n|showteam|p2|Milotic||SitrusBerry|Competitive|Recover,Scald,RainDance,IceBeam|||F|||50|]Gengar||Gengarite|CursedBody|Disable,ShadowBall,Protect,SludgeBomb|||M|||50|]Whimsicott||FocusSash|Prankster|Encore,Moonblast,Protect,Tailwind|||F|||50|]Scizor||MetalCoat|Technician|BulletPunch,Lunge,Protect,SwordsDance|||M|||50|]Garchomp||ChoiceScarf|RoughSkin|RockSlide,StompingTantrum,DragonClaw,Earthquake|||M|||50|]Farigiraf||MentalHerb|ArmorTail|HyperVoice,Imprison,TrickRoom,Psychic|||F|||50|\n|inactive|Battle timer is ON: inactive players will automatically lose when time's up. (requested by Im_Neutro)\n|j| whizz whoosh\n|j| Sonicutopia\n|j| zaphirealpha\n|c|\u2606Im_Neutro|glhf\n|j| DSok_\n|j| The Portal Master\n|j| TG511\n|c|\u2606magicalarcher57|glhf\n|l| zaphirealpha\n|inactive|magicalarcher57 has 60 seconds left.\n|inactive|Im_Neutro has 60 seconds left.\n|j|@Radio Free C-Side\n|j| KarurosuVGC\n|j| Bulaba\n|l| Bulaba\n|inactive|magicalarcher57 has 30 seconds left.\n|j| Joel_mon\n|\n|t:|1776099484\n|teamsize|p1|4\n|teamsize|p2|4\n|start\n|switch|p1a: Charizard|Charizard, L50, F, shiny|100/100\n|switch|p1b: Talonflame|Talonflame, L50, M, shiny|100/100\n|switch|p2a: Farigiraf|Farigiraf, L50, F|100/100\n|switch|p2b: Milotic|Milotic, L50, F, shiny|100/100\n|turn|1\n|l| Joel_mon\n|\n|t:|1776099506\n|switch|p2a: Garchomp|Garchomp, L50, M|100/100\n|detailschange|p1a: Charizard|Charizard-Mega-Y, L50, F, shiny\n|-mega|p1a: Charizard|Charizard|Charizardite Y\n|-weather|SunnyDay|[from] ability: Drought|[of] p1a: Charizard\n|move|p1b: Talonflame|Flare Blitz|p2a: Garchomp\n|-resisted|p2a: Garchomp|1\n|-damage|p2a: Garchomp|68/100\n|-damage|p1b: Talonflame|88/100|[from] ability: Rough Skin|[of] p2a: Garchomp\n|-damage|p1b: Talonflame|75/100|[from] Recoil\n|move|p1a: Charizard|Solar Beam||[still]\n|-prepare|p1a: Charizard|Solar Beam\n|-anim|p1a: Charizard|Solar Beam|p2b: Milotic\n|-supereffective|p2b: Milotic|1\n|-damage|p2b: Milotic|35/100\n|-enditem|p2b: Milotic|Sitrus Berry|[eat]\n|-heal|p2b: Milotic|60/100|[from] item: Sitrus Berry\n|move|p2b: Milotic|Recover|p2b: Milotic\n|-heal|p2b: Milotic|100/100\n|\n|-weather|SunnyDay|[upkeep]\n|upkeep\n|turn|2\n|j| mynamegrassgreen\n|c| mynamegrassgreen|double kfc lead\n|j| Raynobi\n|inactive|magicalarcher57 has 30 seconds left.\n|inactive|Im_Neutro has 30 seconds left.\n|c|\u2606Im_Neutro|hahaha\n|c| Sonicutopia|The Milotic heal lmao\n|inactive|Im_Neutro has 20 seconds left.\n|\n|t:|1776099544\n|move|p1a: Charizard|Protect|p1a: Charizard\n|-singleturn|p1a: Charizard|Protect\n|move|p2a: Garchomp|Rock Slide|p1b: Talonflame|[spread] p1b\n|-activate|p1a: Charizard|move: Protect\n|-supereffective|p1b: Talonflame|2\n|-damage|p1b: Talonflame|0 fnt\n|faint|p1b: Talonflame\n|move|p2b: Milotic|Scald|p1a: Charizard\n|-activate|p1a: Charizard|move: Protect\n|\n|-weather|SunnyDay|[upkeep]\n|upkeep\n|c|\u2606magicalarcher57|the lead be a gamble\n|c|\u2606magicalarcher57|:sob:\n|\n|t:|1776099554\n|switch|p1b: Sneasler|Sneasler, L50, M, shiny|100/100\n|turn|3\n|c| mynamegrassgreen|no raindance?\n|c|\u2606magicalarcher57|SHUUSH\n|c|\u2606magicalarcher57|DONT HELP MY OPPOENENTS :SOB:\n|\n|t:|1776099576\n|switch|p2a: Farigiraf|Farigiraf, L50, F|100/100\n|move|p1b: Sneasler|Fake Out||[still]\n|cant|p2a: Farigiraf|ability: Armor Tail|Fake Out|[of] p1b: Sneasler\n|move|p1a: Charizard|Heat Wave|p2a: Farigiraf|[spread] p2b\n|-miss|p1a: Charizard|p2a: Farigiraf\n|-resisted|p2b: Milotic|1\n|-damage|p2b: Milotic|79/100\n|move|p2b: Milotic|Rain Dance|p2b: Milotic\n|-weather|RainDance\n|\n|-weather|RainDance|[upkeep]\n|upkeep\n|turn|4\n|c| Sonicutopia|LMFAOOOO\n|j| zannara\n|c| mynamegrassgreen|lmfao bro mb ig\n|j| ido1234567890\n|c| mynamegrassgreen|je would do it anyways tbf\n|inactive|Im_Neutro has 30 seconds left.\n|l| ido1234567890\n|c|\u2606Im_Neutro|i couldnt risk a rain dance first turn\n|c|\u2606Im_Neutro|he might protect\n|j| yuirs gsb\n|inactive|Im_Neutro has 20 seconds left.\n|c| Sonicutopia|Actual back seat maneuver\n|l| yuirs gsb\n|inactive|Im_Neutro has 15 seconds left.\n|l| DSok_\n|c| mynamegrassgreen|see he said it himself\n|\n|t:|1776099620\n|move|p1b: Sneasler|Close Combat|p2b: Milotic\n|-damage|p2b: Milotic|30/100\n|-unboost|p1b: Sneasler|def|1\n|-unboost|p1b: Sneasler|spd|1\n|move|p1a: Charizard|Heat Wave|p2a: Farigiraf|[spread] p2b\n|-miss|p1a: Charizard|p2a: Farigiraf\n|-resisted|p2b: Milotic|1\n|-damage|p2b: Milotic|22/100\n|move|p2b: Milotic|Scald|p1a: Charizard\n|-supereffective|p1a: Charizard|1\n|-damage|p1a: Charizard|14/100\n|move|p2a: Farigiraf|Psychic|p1b: Sneasler\n|-supereffective|p1b: Sneasler|2\n|-enditem|p1b: Sneasler|Focus Sash\n|-damage|p1b: Sneasler|1/100\n|\n|-weather|RainDance|[upkeep]\n|upkeep\n|turn|5\n|c|\u2606magicalarcher57|in a hard mu smh\n|c| mynamegrassgreen|that it is\n|\n|t:|1776099638\n|move|p1b: Sneasler|Protect|p1b: Sneasler\n|-singleturn|p1b: Sneasler|Protect\n|move|p1a: Charizard|Heat Wave|p2a: Farigiraf|[spread] p2b\n|-miss|p1a: Charizard|p2a: Farigiraf\n|-resisted|p2b: Milotic|1\n|-damage|p2b: Milotic|14/100\n|move|p2b: Milotic|Recover|p2b: Milotic\n|-heal|p2b: Milotic|64/100\n|move|p2a: Farigiraf|Hyper Voice|p1b: Sneasler|[spread] p1a\n|-activate|p1b: Sneasler|move: Protect\n|-damage|p1a: Charizard|0 fnt\n|faint|p1a: Charizard\n|\n|-weather|RainDance|[upkeep]\n|upkeep\n|\n|t:|1776099651\n|switch|p1a: Basculegion|Basculegion, L50, M, shiny|100/100\n|turn|6\n|c|\u2606magicalarcher57|DIRE SLEEP\n|j| bow tie monkey\n|c|\u2606magicalarcher57|NOWWW\n|\n|t:|1776099663\n|move|p1b: Sneasler|Dire Claw|p2a: Farigiraf\n|-damage|p2a: Farigiraf|53/100\n|-status|p2a: Farigiraf|par\n|move|p2b: Milotic|Scald|p1a: Basculegion\n|-resisted|p1a: Basculegion|1\n|-damage|p1a: Basculegion|81/100\n|move|p1a: Basculegion|Last Respects|p2b: Milotic\n|-damage|p2b: Milotic|0 fnt\n|faint|p2b: Milotic\n|move|p2a: Farigiraf|Psychic|p1b: Sneasler\n|-supereffective|p1b: Sneasler|2\n|-damage|p1b: Sneasler|0 fnt\n|faint|p1b: Sneasler\n|\n|-weather|RainDance|[upkeep]\n|upkeep\n|j| Lolitcher\n|\n|t:|1776099678\n|switch|p2b: Gengar|Gengar, L50, M, shiny|100/100\n|turn|7\n|\n|t:|1776099683\n|detailschange|p2b: Gengar|Gengar-Mega, L50, M, shiny\n|-mega|p2b: Gengar|Gengar|Gengarite\n|move|p2b: Gengar|Shadow Ball|p1a: Basculegion\n|-supereffective|p1a: Basculegion|1\n|-damage|p1a: Basculegion|0 fnt\n|faint|p1a: Basculegion\n|\n|win|Im_Neutro\n|n|\u2606magicalarcher57|magicalarcher57\n|n|\u2606Im_Neutro|imneutro\n|n| whizz whoosh|whizzwhoosh\n|n| Sonicutopia|sonicutopia\n|n| The Portal Master|theportalmaster\n|n| TG511|tg511\n|n|+Radio Free C-Side|radiofreecside\n|n| KarurosuVGC|karurosuvgc\n|n| mynamegrassgreen|mynamegrassgreen\n|n| Raynobi|raynobi\n|n| zannara|zannara\n|n| bow tie monkey|bowtiemonkey\n|n| Lolitcher|lolitcher\n",
  "uploadtime": 1776099683,
  "views": 14,
  "formatid": "gen9championsvgc2026regma",
  "rating": null,
  "private": 0,
  "password": null
}