{
  "id": "gen9championsvgc2026regma-2587013373",
  "format": "[Gen 9 Champions] VGC 2026 Reg M-A",
  "players": [
    "mrguy888",
    "gruntymarco"
  ],
  "log": "|j|\u2606mrguy888\n|j|\u2606gruntymarco\n|t:|1776481237\n|gametype|doubles\n|player|p1|mrguy888|noland-gen3|1283\n|player|p2|gruntymarco|marlon|1251\n|gen|9\n|tier|[Gen 9 Champions] VGC 2026 Reg M-A\n|rated|\n|rule|Species Clause: Limit one of each Pok\u00e9mon\n|rule|Item Clause: Limit 1 of each item\n|clearpoke\n|poke|p1|Floette-Eternal, L50, F|\n|poke|p1|Aerodactyl, L50, F|\n|poke|p1|Tauros-Paldea-Aqua, L50, M|\n|poke|p1|Kangaskhan, L50, F|\n|poke|p1|Rotom-Heat, L50|\n|poke|p1|Aegislash, L50, M|\n|poke|p2|Charizard, L50, M|\n|poke|p2|Incineroar, L50, M|\n|poke|p2|Serperior, L50, F|\n|poke|p2|Archaludon, L50, F|\n|poke|p2|Hydreigon, L50, M|\n|poke|p2|Azumarill, L50, M|\n|teampreview|4\n|inactive|Battle timer is ON: inactive players will automatically lose when time's up. (requested by mrguy888)\n|inactive|gruntymarco also wants the timer to be on.\n|inactive|gruntymarco has 60 seconds left.\n|\n|t:|1776481276\n|teamsize|p1|4\n|teamsize|p2|4\n|start\n|switch|p1a: Aerodactyl|Aerodactyl, L50, F|100/100\n|switch|p1b: Floette|Floette-Eternal, L50, F|100/100\n|switch|p2a: Balerion|Charizard, L50, M, shiny|100/100\n|switch|p2b: Snak|Serperior, L50, F|100/100\n|-ability|p1a: Aerodactyl|Unnerve\n|turn|1\n|\n|t:|1776481290\n|switch|p2a: Ancalagon|Archaludon, L50, F, shiny|100/100\n|detailschange|p1b: Floette|Floette-Mega, L50, F\n|-mega|p1b: Floette|Floette|Floettite\n|-ability|p1b: Floette|Fairy Aura\n|move|p1a: Aerodactyl|Rock Slide|p2a: Ancalagon|[spread] p2a,p2b\n|-resisted|p2a: Ancalagon|1\n|-damage|p2a: Ancalagon|90/100\n|-damage|p2b: Snak|71/100\n|-ability|p2a: Ancalagon|Stamina|boost\n|-boost|p2a: Ancalagon|def|1\n|move|p2b: Snak|Leaf Storm|p1a: Aerodactyl\n|-damage|p1a: Aerodactyl|21/100\n|-boost|p2b: Snak|spa|2\n|move|p1b: Floette|Calm Mind|p1b: Floette\n|-boost|p1b: Floette|spa|1\n|-boost|p1b: Floette|spd|1\n|\n|-heal|p2b: Snak|77/100|[from] item: Leftovers\n|upkeep\n|turn|2\n|\n|t:|1776481310\n|move|p1a: Aerodactyl|Tailwind|p1a: Aerodactyl\n|-sidestart|p1: mrguy888|move: Tailwind\n|move|p1b: Floette|Dazzling Gleam|p2b: Snak|[spread] p2a,p2b\n|-damage|p2a: Ancalagon|21/100\n|-damage|p2b: Snak|0 fnt\n|-ability|p2a: Ancalagon|Stamina|boost\n|-boost|p2a: Ancalagon|def|1\n|faint|p2b: Snak\n|move|p2a: Ancalagon|Flash Cannon|p1b: Floette\n|-supereffective|p1b: Floette|1\n|-damage|p1b: Floette|61/100\n|\n|upkeep\n|\n|t:|1776481320\n|switch|p2b: Sinner|Azumarill, L50, M, shiny|100/100\n|turn|3\n|inactive|mrguy888 has 30 seconds left.\n|\n|t:|1776481352\n|switch|p1a: Tauros|Tauros-Paldea-Aqua, L50, M|100/100\n|-ability|p1a: Tauros|Intimidate|boost\n|-unboost|p2a: Ancalagon|atk|1\n|-unboost|p2b: Sinner|atk|1\n|-enditem|p2a: Ancalagon|White Herb\n|-clearnegativeboost|p2a: Ancalagon|[silent]\n|move|p2b: Sinner|Aqua Jet|p1b: Floette\n|-damage|p1b: Floette|39/100\n|move|p1b: Floette|Moonblast|p2b: Sinner\n|-crit|p2b: Sinner\n|-damage|p2b: Sinner|0 fnt\n|faint|p2b: Sinner\n|move|p2a: Ancalagon|Flash Cannon|p1a: Tauros\n|-resisted|p1a: Tauros|1\n|-damage|p1a: Tauros|69/100\n|\n|upkeep\n|\n|t:|1776481359\n|switch|p2b: Balerion|Charizard, L50, M, shiny|100/100\n|turn|4\n|\n|t:|1776481371\n|detailschange|p2b: Balerion|Charizard-Mega-Y, L50, M, shiny\n|-mega|p2b: Balerion|Charizard|Charizardite Y\n|-weather|SunnyDay|[from] ability: Drought|[of] p2b: Balerion\n|move|p1a: Tauros|Wave Crash|p2b: Balerion\n|-supereffective|p2b: Balerion|1\n|-damage|p2b: Balerion|10/100\n|-damage|p1a: Tauros|39/100|[from] Recoil\n|move|p1b: Floette|Dazzling Gleam|p2a: Ancalagon|[spread] p2a,p2b\n|-resisted|p2b: Balerion|1\n|-crit|p2b: Balerion\n|-damage|p2a: Ancalagon|0 fnt\n|-damage|p2b: Balerion|0 fnt\n|faint|p2a: Ancalagon\n|faint|p2b: Balerion\n|\n|win|mrguy888\n|raw|mrguy888's rating: 1283 &rarr; <strong>1306</strong><br />(+23 for winning)\n|raw|gruntymarco's rating: 1251 &rarr; <strong>1228</strong><br />(-23 for losing)\n|l|\u2606gruntymarco\n|player|p2|\n",
  "uploadtime": 1776481380,
  "views": 24,
  "formatid": "gen9championsvgc2026regma",
  "rating": 1228,
  "private": 0,
  "password": null
}