{
  "id": "gen9championsvgc2026regma-2580822776",
  "format": "[Gen 9 Champions] VGC 2026 Reg M-A",
  "players": [
    "thelastravenpuff",
    "Relzid"
  ],
  "log": "|j|\u2606thelastravenpuff\n|j|\u2606Relzid\n|t:|1775935336\n|gametype|doubles\n|player|p1|thelastravenpuff|allister-masters|1000\n|player|p2|Relzid|gentleman-gen4|1083\n|gen|9\n|tier|[Gen 9 Champions] VGC 2026 Reg M-A\n|rated|\n|rule|Species Clause: Limit one of each Pok\u00e9mon\n|rule|Item Clause: Limit 1 of each item\n|clearpoke\n|poke|p1|Meganium, L50, F|\n|poke|p1|Pelipper, L50, M|\n|poke|p1|Kingambit, L50, F|\n|poke|p1|Arcanine-Hisui, L50, M|\n|poke|p1|Basculegion, L50, M|\n|poke|p1|Scizor, L50, F|\n|poke|p2|Arcanine, L50, F|\n|poke|p2|Rotom-Wash, L50|\n|poke|p2|Garchomp, L50, M|\n|poke|p2|Gardevoir, L50, M|\n|poke|p2|Sinistcha, L50|\n|poke|p2|Tyranitar, L50, M|\n|teampreview|4\nthelastravenpuff has agreed to open team sheets.\n|inactive|Battle timer is ON: inactive players will automatically lose when time's up. (requested by thelastravenpuff)\n|\n|t:|1775935385\n|teamsize|p1|4\n|teamsize|p2|4\n|start\n|switch|p1a: Meganium|Meganium, L50, F|100/100\n|switch|p1b: Arcanine|Arcanine-Hisui, L50, M|100/100\n|switch|p2a: Arcanine|Arcanine, L50, F|100/100\n|switch|p2b: Rotom|Rotom-Wash, L50|100/100\n|-ability|p1b: Arcanine|Intimidate|boost\n|-unboost|p2a: Arcanine|atk|1\n|-unboost|p2b: Rotom|atk|1\n|-ability|p2a: Arcanine|Intimidate|boost\n|-unboost|p1a: Meganium|atk|1\n|-unboost|p1b: Arcanine|atk|1\n|turn|1\n|inactive|Relzid has 30 seconds left.\n|\n|t:|1775935413\n|switch|p1b: Pelipper|Pelipper, L50, M|100/100\n|-weather|RainDance|[from] ability: Drizzle|[of] p1b: Pelipper\n|detailschange|p1a: Meganium|Meganium-Mega, L50, F\n|-mega|p1a: Meganium|Meganium|Meganiumite\n|move|p2b: Rotom|Hydro Pump|p1b: Pelipper\n|-resisted|p1b: Pelipper|1\n|-damage|p1b: Pelipper|32/100\n|move|p2a: Arcanine|Flare Blitz|p1a: Meganium\n|-supereffective|p1a: Meganium|1\n|-damage|p1a: Meganium|69/100\n|-damage|p2a: Arcanine|92/100|[from] Recoil\n|move|p1a: Meganium|Solar Beam||[still]\n|-prepare|p1a: Meganium|Solar Beam\n|-activate|p1a: Meganium|ability: Mega Sol\n|-anim|p1a: Meganium|Solar Beam|p2b: Rotom\n|-supereffective|p2b: Rotom|1\n|-damage|p2b: Rotom|0 fnt\n|faint|p2b: Rotom\n|\n|-weather|RainDance|[upkeep]\n|upkeep\n|inactive|Relzid has 30 seconds left.\n|\n|t:|1775935448\n|switch|p2b: Garchomp|Garchomp, L50, M|100/100\n|turn|2\n|\n|t:|1775935465\n|move|p2a: Arcanine|Protect|p2a: Arcanine\n|-singleturn|p2a: Arcanine|Protect\n|move|p2b: Garchomp|Stone Edge|p1a: Meganium\n|-damage|p1a: Meganium|36/100\n|move|p1a: Meganium|Synthesis|p1a: Meganium\n|-heal|p1a: Meganium|100/100\n|move|p1b: Pelipper|Tailwind|p1b: Pelipper\n|-sidestart|p1: thelastravenpuff|move: Tailwind\n|\n|-weather|RainDance|[upkeep]\n|upkeep\n|turn|3\n|\n|t:|1775935481\n|move|p1a: Meganium|Dazzling Gleam|p2a: Arcanine|[spread] p2a,p2b\n|-resisted|p2a: Arcanine|1\n|-supereffective|p2b: Garchomp|1\n|-damage|p2a: Arcanine|72/100\n|-damage|p2b: Garchomp|27/100\n|move|p1b: Pelipper|Weather Ball|p2a: Arcanine\n|-supereffective|p2a: Arcanine|1\n|-damage|p2a: Arcanine|0 fnt\n|faint|p2a: Arcanine\n|move|p2b: Garchomp|Stone Edge|p1a: Meganium\n|-damage|p1a: Meganium|67/100\n|\n|-weather|RainDance|[upkeep]\n|upkeep\n|-message|Relzid forfeited.\n|\n|win|thelastravenpuff\n|raw|thelastravenpuff's rating: 1000 &rarr; <strong>1049</strong><br />(+49 for winning)\n|raw|Relzid's rating: 1083 &rarr; <strong>1055</strong><br />(-28 for losing)\n|l|\u2606Relzid\n|player|p2|\n",
  "uploadtime": 1775935495,
  "views": 23,
  "formatid": "gen9championsvgc2026regma",
  "rating": 1049,
  "private": 0,
  "password": null
}