{
  "id": "gen9championsvgc2026regma-2585178816",
  "format": "[Gen 9 Champions] VGC 2026 Reg M-A",
  "players": [
    "Nockforth",
    "the great crusader"
  ],
  "log": "|j|\u2606Nockforth\n|j|\u2606the great crusader\n|t:|1776321596\n|gametype|doubles\n|player|p1|Nockforth|101|1152\n|player|p2|the great crusader|plasmagrunt|1212\n|gen|9\n|tier|[Gen 9 Champions] VGC 2026 Reg M-A\n|rated|\n|rule|Species Clause: Limit one of each Pok\u00e9mon\n|rule|Item Clause: Limit 1 of each item\n|clearpoke\n|poke|p1|Gyarados, L50, M|\n|poke|p1|Sneasler, L50, M|\n|poke|p1|Corviknight, L50, F|\n|poke|p1|Sinistcha, L50|\n|poke|p1|Manectric, L50, M|\n|poke|p1|Whimsicott, L50, M|\n|poke|p2|Charizard, L50, F|\n|poke|p2|Venusaur, L50, F|\n|poke|p2|Rotom-Wash, L50|\n|poke|p2|Garchomp, L50, F|\n|poke|p2|Whimsicott, L50, M|\n|poke|p2|Kingambit, L50, F|\n|teampreview|4\n|inactive|Battle timer is ON: inactive players will automatically lose when time's up. (requested by Nockforth)\n|\n|t:|1776321626\n|teamsize|p1|4\n|teamsize|p2|4\n|start\n|switch|p1a: Sneasler|Sneasler, L50, M|100/100\n|switch|p1b: Manectric|Manectric, L50, M|100/100\n|switch|p2a: Charizard|Charizard, L50, F|100/100\n|switch|p2b: Whimsicott|Whimsicott, L50, M|100/100\n|turn|1\n|\n|t:|1776321647\n|switch|p2a: Garchomp|Garchomp, L50, F|100/100\n|move|p2b: Whimsicott|Tailwind|p2b: Whimsicott\n|-sidestart|p2: the great crusader|move: Tailwind\n|move|p1a: Sneasler|Dire Claw|p2b: Whimsicott\n|-supereffective|p2b: Whimsicott|2\n|-crit|p2b: Whimsicott\n|-enditem|p2b: Whimsicott|Focus Sash\n|-damage|p2b: Whimsicott|1/100\n|move|p1b: Manectric|Volt Switch|p2a: Garchomp\n|-immune|p2a: Garchomp\n|\n|upkeep\n|turn|2\n|\n|t:|1776321666\n|switch|p2b: Charizard|Charizard, L50, F|100/100\n|switch|p1b: Gyarados|Gyarados, L50, M|100/100\n|-ability|p1b: Gyarados|Intimidate|boost\n|-unboost|p2a: Garchomp|atk|1\n|-unboost|p2b: Charizard|atk|1\n|-enditem|p2a: Garchomp|White Herb\n|-clearnegativeboost|p2a: Garchomp|[silent]\n|move|p2a: Garchomp|Earthquake|p1a: Sneasler|[spread] p1a\n|-immune|p2b: Charizard\n|-immune|p1b: Gyarados\n|-supereffective|p1a: Sneasler|1\n|-damage|p1a: Sneasler|0 fnt\n|faint|p1a: Sneasler\n|\n|upkeep\n|\n|t:|1776321681\n|switch|p1a: Manectric|Manectric, L50, M|100/100\n|turn|3\n|\n|t:|1776321699\n|detailschange|p2b: Charizard|Charizard-Mega-Y, L50, F\n|-mega|p2b: Charizard|Charizard|Charizardite Y\n|-weather|SunnyDay|[from] ability: Drought|[of] p2b: Charizard\n|detailschange|p1b: Gyarados|Gyarados-Mega, L50, M\n|-mega|p1b: Gyarados|Gyarados|Gyaradosite\n|-ability|p1b: Gyarados|Mold Breaker\n|move|p2a: Garchomp|Earthquake|p1a: Manectric|[spread] p1a,p1b\n|-immune|p2b: Charizard\n|-supereffective|p1a: Manectric|1\n|-damage|p1a: Manectric|0 fnt\n|-damage|p1b: Gyarados|66/100\n|faint|p1a: Manectric\n|move|p2b: Charizard|Solar Beam||[still]\n|-prepare|p2b: Charizard|Solar Beam\n|-anim|p2b: Charizard|Solar Beam|p1b: Gyarados\n|-supereffective|p1b: Gyarados|1\n|-damage|p1b: Gyarados|0 fnt\n|faint|p1b: Gyarados\n|\n|-weather|SunnyDay|[upkeep]\n|upkeep\n|-message|Nockforth forfeited.\n|\n|win|the great crusader\n|raw|Nockforth's rating: 1152 &rarr; <strong>1131</strong><br />(-21 for losing)\n|raw|the great crusader's rating: 1212 &rarr; <strong>1233</strong><br />(+21 for winning)\n|l|\u2606Nockforth\n|player|p1|\n",
  "uploadtime": 1776321721,
  "views": 20,
  "formatid": "gen9championsvgc2026regma",
  "rating": 1131,
  "private": 0,
  "password": null
}