{
  "id": "gen9championsvgc2026regma-2587370679",
  "format": "[Gen 9 Champions] VGC 2026 Reg M-A",
  "players": [
    "I am a guineapig",
    "WojtusG"
  ],
  "log": "|j|\u2606I am a guineapig\n|j|\u2606WojtusG\n|t:|1776526136\n|gametype|doubles\n|player|p1|I am a guineapig|fisherman-gen4|1228\n|player|p2|WojtusG|102|1219\n|gen|9\n|tier|[Gen 9 Champions] VGC 2026 Reg M-A\n|rated|\n|rule|Species Clause: Limit one of each Pok\u00e9mon\n|rule|Item Clause: Limit 1 of each item\n|clearpoke\n|poke|p1|Scovillain, L50, M|\n|poke|p1|Milotic, L50, F|\n|poke|p1|Floette-Eternal, L50, F|\n|poke|p1|Aegislash, L50, F|\n|poke|p1|Garchomp, L50, M|\n|poke|p1|Froslass, L50, F|\n|poke|p2|Charizard, L50, M|\n|poke|p2|Whimsicott, L50, M|\n|poke|p2|Rotom-Wash, L50|\n|poke|p2|Sneasler, L50, F|\n|poke|p2|Tyranitar, L50, M|\n|poke|p2|Dragapult, L50, M|\n|teampreview|4\n|inactive|Battle timer is ON: inactive players will automatically lose when time's up. (requested by I am a guineapig)\n|inactive|I am a guineapig has 60 seconds left.\n|\n|t:|1776526197\n|teamsize|p1|4\n|teamsize|p2|4\n|start\n|switch|p1a: Milotic|Milotic, L50, F|100/100\n|switch|p1b: Garchomp|Garchomp, L50, M|100/100\n|switch|p2a: Tyranitar|Tyranitar, L50, M|100/100\n|switch|p2b: Rotom|Rotom-Wash, L50|100/100\n|-weather|Sandstorm|[from] ability: Sand Stream|[of] p2a: Tyranitar\n|turn|1\n|\n|t:|1776526213\n|move|p2b: Rotom|Volt Switch|p1a: Milotic\n|-supereffective|p1a: Milotic|1\n|-damage|p1a: Milotic|59/100\n|\n|t:|1776526217\n|switch|p2b: Sneasler|Sneasler, L50, F|100/100|[from] Volt Switch\n|move|p1b: Garchomp|Swords Dance|p1b: Garchomp\n|-boost|p1b: Garchomp|atk|2\n|move|p1a: Milotic|Life Dew||[still]|[spread] p1a,p1b\n|-heal|p1a: Milotic|84/100\n|-fail|p1b: Garchomp|heal\n|move|p2a: Tyranitar|Ice Punch|p1b: Garchomp\n|-supereffective|p1b: Garchomp|2\n|-damage|p1b: Garchomp|0 fnt\n|-damage|p2a: Tyranitar|88/100|[from] ability: Rough Skin|[of] p1b: Garchomp\n|faint|p1b: Garchomp\n|\n|-weather|Sandstorm|[upkeep]\n|-damage|p2b: Sneasler|95/100|[from] Sandstorm\n|-damage|p1a: Milotic|78/100|[from] Sandstorm\n|-heal|p1a: Milotic|84/100|[from] item: Leftovers\n|-heal|p2a: Tyranitar|94/100|[from] item: Leftovers\n|upkeep\n|\n|t:|1776526230\n|switch|p1b: Froslass|Froslass, L50, F|100/100\n|turn|2\n|\n|t:|1776526240\n|detailschange|p1b: Froslass|Froslass-Mega, L50, F\n|-mega|p1b: Froslass|Froslass|Froslassite\n|-weather|Snowscape|[from] ability: Snow Warning|[of] p1b: Froslass\n|move|p2b: Sneasler|Fake Out|p1a: Milotic\n|-damage|p1a: Milotic|67/100\n|move|p1b: Froslass|Aurora Veil|p1b: Froslass\n|-sidestart|p1: I am a guineapig|move: Aurora Veil\n|cant|p1a: Milotic|flinch\n|move|p2a: Tyranitar|Rock Slide|p1b: Froslass|[spread] p1b\n|-miss|p2a: Tyranitar|p1a: Milotic\n|-supereffective|p1b: Froslass|1\n|-damage|p1b: Froslass|56/100\n|\n|-weather|Snowscape|[upkeep]\n|-heal|p1a: Milotic|73/100|[from] item: Leftovers\n|-heal|p2a: Tyranitar|99/100|[from] item: Leftovers\n|upkeep\n|turn|3\n|inactive|WojtusG has 30 seconds left.\n|\n|t:|1776526265\n|move|p1b: Froslass|Blizzard|p2a: Tyranitar|[spread] p2a,p2b\n|-damage|p2a: Tyranitar|62/100\n|-damage|p2b: Sneasler|31/100\n|move|p2b: Sneasler|Close Combat|p1a: Milotic\n|-damage|p1a: Milotic|26/100\n|-unboost|p2b: Sneasler|def|1\n|-unboost|p2b: Sneasler|spd|1\n|-enditem|p2b: Sneasler|White Herb\n|-clearnegativeboost|p2b: Sneasler|[silent]\n|move|p1a: Milotic|Scald|p2a: Tyranitar\n|-supereffective|p2a: Tyranitar|1\n|-damage|p2a: Tyranitar|0 fnt\n|faint|p2a: Tyranitar\n|\n|-weather|Snowscape|[upkeep]\n|-heal|p1a: Milotic|32/100|[from] item: Leftovers\n|upkeep\n|\n|t:|1776526272\n|switch|p2a: Charizard|Charizard, L50, M|100/100\n|turn|4\n|\n|t:|1776526286\n|detailschange|p2a: Charizard|Charizard-Mega-Y, L50, M\n|-mega|p2a: Charizard|Charizard|Charizardite Y\n|-weather|SunnyDay|[from] ability: Drought|[of] p2a: Charizard\n|move|p2b: Sneasler|Close Combat|p1a: Milotic\n|-damage|p1a: Milotic|0 fnt\n|-unboost|p2b: Sneasler|def|1\n|-unboost|p2b: Sneasler|spd|1\n|faint|p1a: Milotic\n|move|p1b: Froslass|Shadow Ball|p2b: Sneasler\n|-damage|p2b: Sneasler|0 fnt\n|faint|p2b: Sneasler\n|move|p2a: Charizard|Heat Wave|p1b: Froslass\n|-supereffective|p1b: Froslass|1\n|-damage|p1b: Froslass|0 fnt\n|faint|p1b: Froslass\n|\n|-weather|SunnyDay|[upkeep]\n|upkeep\n|-message|I am a guineapig forfeited.\n|\n|win|WojtusG\n|raw|I am a guineapig's rating: 1228 &rarr; <strong>1202</strong><br />(-26 for losing)\n|raw|WojtusG's rating: 1219 &rarr; <strong>1245</strong><br />(+26 for winning)\n|l|\u2606I am a guineapig\n|player|p1|\n",
  "uploadtime": 1776526344,
  "views": 17,
  "formatid": "gen9championsvgc2026regma",
  "rating": 1202,
  "private": 0,
  "password": null
}