{
  "id": "gen9championsvgc2026regma-2586320559",
  "format": "[Gen 9 Champions] VGC 2026 Reg M-A",
  "players": [
    "Kappon-u",
    "teratera mega"
  ],
  "log": "|j|\u2606Kappon-u\n|j|\u2606teratera mega\n|t:|1776424983\n|gametype|doubles\n|player|p1|Kappon-u|bianca|1321\n|player|p2|teratera mega|265|1372\n|gen|9\n|tier|[Gen 9 Champions] VGC 2026 Reg M-A\n|rated|\n|rule|Species Clause: Limit one of each Pok\u00e9mon\n|rule|Item Clause: Limit 1 of each item\n|clearpoke\n|poke|p1|Floette-Eternal, L50, F|\n|poke|p1|Incineroar, L50, M|\n|poke|p1|Sneasler, L50, F|\n|poke|p1|Aerodactyl, L50, F|\n|poke|p1|Scizor, L50, F|\n|poke|p1|Sinistcha, L50|\n|poke|p2|Dragapult, L50, F|\n|poke|p2|Charizard, L50, M|\n|poke|p2|Venusaur, L50, F|\n|poke|p2|Sneasler, L50, M|\n|poke|p2|Aerodactyl, L50, F|\n|poke|p2|Kingambit, L50, F|\n|teampreview|4\n|inactive|Battle timer is ON: inactive players will automatically lose when time's up. (requested by teratera mega)\n|inactive|Kappon-u has 60 seconds left.\n|\n|t:|1776425021\n|teamsize|p1|4\n|teamsize|p2|4\n|start\n|switch|p1a: Incineroar|Incineroar, L50, M|100/100\n|switch|p1b: Aerodactyl|Aerodactyl, L50, F|100/100\n|switch|p2a: Sneasler|Sneasler, L50, M|100/100\n|switch|p2b: Aerodactyl|Aerodactyl, L50, F|100/100\n|-ability|p2b: Aerodactyl|Unnerve\n|-ability|p1b: Aerodactyl|Unnerve\n|-ability|p1a: Incineroar|Intimidate|boost\n|-unboost|p2a: Sneasler|atk|1\n|-unboost|p2b: Aerodactyl|atk|1\n|-enditem|p2a: Sneasler|White Herb\n|-clearnegativeboost|p2a: Sneasler|[silent]\n|turn|1\n|\n|t:|1776425042\n|move|p2a: Sneasler|Upper Hand|p1a: Incineroar\n|-supereffective|p1a: Incineroar|1\n|-damage|p1a: Incineroar|43/100\n|cant|p1a: Incineroar|flinch\n|move|p2b: Aerodactyl|Tailwind|p2b: Aerodactyl\n|-sidestart|p2: teratera mega|move: Tailwind\n|move|p1b: Aerodactyl|Tailwind|p1b: Aerodactyl\n|-sidestart|p1: Kappon-u|move: Tailwind\n|\n|upkeep\n|turn|2\n|\n|t:|1776425063\n|move|p2a: Sneasler|Close Combat|p1b: Aerodactyl\n|-damage|p1b: Aerodactyl|5/100\n|-unboost|p2a: Sneasler|def|1\n|-unboost|p2a: Sneasler|spd|1\n|move|p2b: Aerodactyl|Rock Slide|p1b: Aerodactyl|[spread] p1a\n|-miss|p2b: Aerodactyl|p1b: Aerodactyl\n|-supereffective|p1a: Incineroar|1\n|-damage|p1a: Incineroar|6/100\n|move|p1b: Aerodactyl|Dual Wingbeat|p2a: Sneasler\n|-supereffective|p2a: Sneasler|1\n|-damage|p2a: Sneasler|8/100\n|-supereffective|p2a: Sneasler|1\n|-damage|p2a: Sneasler|0 fnt\n|faint|p2a: Sneasler\n|-hitcount|p2: Sneasler|2\n|move|p1a: Incineroar|Flare Blitz|p2b: Aerodactyl\n|-resisted|p2b: Aerodactyl|1\n|-damage|p2b: Aerodactyl|66/100\n|-damage|p1a: Incineroar|0 fnt|[from] Recoil\n|faint|p1a: Incineroar\n|\n|upkeep\n|inactive|Kappon-u has 30 seconds left.\n|\n|t:|1776425091\n|switch|p2a: Charizard|Charizard, L50, M, shiny|100/100\n|switch|p1a: Floette|Floette-Eternal, L50, F|100/100\n|turn|3\n|\n|t:|1776425105\n|move|p2a: Charizard|Protect|p2a: Charizard\n|-singleturn|p2a: Charizard|Protect\n|move|p2b: Aerodactyl|Rock Slide|p1b: Aerodactyl|[spread] p1a\n|-miss|p2b: Aerodactyl|p1b: Aerodactyl\n|-damage|p1a: Floette|68/100\n|move|p1b: Aerodactyl|Rock Slide|p2a: Charizard|[spread] p2b\n|-activate|p2a: Charizard|move: Protect\n|-supereffective|p2b: Aerodactyl|1\n|-damage|p2b: Aerodactyl|0 fnt\n|faint|p2b: Aerodactyl\n|move|p1a: Floette|Moonblast|p2a: Charizard\n|-activate|p2a: Charizard|move: Protect\n|\n|upkeep\n|\n|t:|1776425111\n|switch|p2b: Dragapult|Dragapult, L50, F|100/100\n|turn|4\n|\n|t:|1776425127\n|detailschange|p2a: Charizard|Charizard-Mega-Y, L50, M, shiny\n|-mega|p2a: Charizard|Charizard|Charizardite Y\n|-weather|SunnyDay|[from] ability: Drought|[of] p2a: Charizard\n|detailschange|p1a: Floette|Floette-Mega, L50, F\n|-mega|p1a: Floette|Floette|Floettite\n|-ability|p1a: Floette|Fairy Aura\n|move|p2b: Dragapult|Shadow Ball|p1b: Aerodactyl\n|-damage|p1b: Aerodactyl|0 fnt\n|faint|p1b: Aerodactyl\n|move|p2a: Charizard|Weather Ball|p1a: Floette\n|-damage|p1a: Floette|0 fnt\n|faint|p1a: Floette\n|\n|-weather|SunnyDay|[upkeep]\n|-sideend|p1: Kappon-u|move: Tailwind\n|-sideend|p2: teratera mega|move: Tailwind\n|upkeep\n|-message|Kappon-u forfeited.\n|\n|win|teratera mega\n|raw|Kappon-u's rating: 1321 &rarr; <strong>1304</strong><br />(-17 for losing)\n|raw|teratera mega's rating: 1372 &rarr; <strong>1389</strong><br />(+17 for winning)\n|l|\u2606Kappon-u\n|player|p1|\n",
  "uploadtime": 1776425153,
  "views": 48,
  "formatid": "gen9championsvgc2026regma",
  "rating": 1304,
  "private": 0,
  "password": null
}