{
  "id": "gen9championsvgc2026regma-2584549418",
  "format": "[Gen 9 Champions] VGC 2026 Reg M-A",
  "players": [
    "Ph4npy",
    "alex616c"
  ],
  "log": "|j|\u2606Ph4npy\n|j|\u2606alex616c\n|t:|1776268095\n|gametype|doubles\n|player|p1|Ph4npy|266|1066\n|player|p2|alex616c|biker-gen4|1003\n|gen|9\n|tier|[Gen 9 Champions] VGC 2026 Reg M-A\n|rated|\n|rule|Species Clause: Limit one of each Pok\u00e9mon\n|rule|Item Clause: Limit 1 of each item\n|clearpoke\n|poke|p1|Mamoswine, L50, M|\n|poke|p1|Farigiraf, L50, F|\n|poke|p1|Kleavor, L50, M|\n|poke|p1|Ampharos, L50, M|\n|poke|p1|Altaria, L50, F|\n|poke|p1|Beartic, L50, F|\n|poke|p2|Beedrill, L50, M|\n|poke|p2|Aerodactyl, L50, M|\n|poke|p2|Garchomp, L50, M|\n|poke|p2|Tyranitar, L50, M|\n|poke|p2|Incineroar, L50, M|\n|poke|p2|Sinistcha, L50|\n|teampreview|4\n|\n|t:|1776268129\n|teamsize|p1|4\n|teamsize|p2|4\n|start\n|switch|p1a: Kleavor|Kleavor, L50, M|100/100\n|switch|p1b: Ampharos|Ampharos, L50, M|100/100\n|switch|p2a: Aerodactyl|Aerodactyl, L50, M|100/100\n|switch|p2b: Tyranitar|Tyranitar, L50, M|100/100\n|-weather|Sandstorm|[from] ability: Sand Stream|[of] p2b: Tyranitar\n|turn|1\n|\n|t:|1776268199\n|switch|p2b: Garchomp|Garchomp, L50, M|100/100\n|move|p1a: Kleavor|Stone Axe|p2a: Aerodactyl\n|-supereffective|p2a: Aerodactyl|1\n|-damage|p2a: Aerodactyl|0 fnt\n|-sidestart|p2: alex616c|move: Stealth Rock\n|faint|p2a: Aerodactyl\n|move|p1b: Ampharos|Electroweb|p2b: Garchomp\n|-immune|p2b: Garchomp\n|\n|-weather|Sandstorm|[upkeep]\n|-damage|p1b: Ampharos|94/100|[from] Sandstorm\n|-heal|p1b: Ampharos|100/100|[from] item: Leftovers\n|upkeep\n|\n|t:|1776268224\n|switch|p2a: Tyranitar|Tyranitar, L50, M|100/100\n|-damage|p2a: Tyranitar|88/100|[from] Stealth Rock\n|turn|2\n|\n|t:|1776268242\n|detailschange|p2b: Garchomp|Garchomp-Mega, L50, M\n|-mega|p2b: Garchomp|Garchomp|Garchompite\n|move|p1b: Ampharos|Protect|p1b: Ampharos\n|-singleturn|p1b: Ampharos|Protect\n|move|p1a: Kleavor|Stone Axe|p2b: Garchomp|[miss]\n|-miss|p1a: Kleavor|p2b: Garchomp\n|move|p2a: Tyranitar|Rock Slide|p1b: Ampharos|[spread] p1a\n|-activate|p1b: Ampharos|move: Protect\n|-supereffective|p1a: Kleavor|1\n|-damage|p1a: Kleavor|27/100\n|move|p2b: Garchomp|Earthquake|p1b: Ampharos|[spread] p2a,p1a\n|-activate|p1b: Ampharos|move: Protect\n|-supereffective|p2a: Tyranitar|1\n|-damage|p2a: Tyranitar|0 fnt\n|-damage|p1a: Kleavor|0 fnt\n|faint|p2a: Tyranitar\n|faint|p1a: Kleavor\n|\n|-weather|Sandstorm|[upkeep]\n|-damage|p1b: Ampharos|94/100|[from] Sandstorm\n|-heal|p1b: Ampharos|100/100|[from] item: Leftovers\n|upkeep\n|\n|t:|1776268262\n|switch|p1a: Mamoswine|Mamoswine, L50, M|100/100\n|switch|p2a: Incineroar|Incineroar, L50, M|100/100\n|-damage|p2a: Incineroar|76/100|[from] Stealth Rock\n|-ability|p2a: Incineroar|Intimidate|boost\n|-fail|p1a: Mamoswine|unboost|Attack|[from] ability: Oblivious|[of] p1a: Mamoswine\n|-unboost|p1b: Ampharos|atk|1\n|turn|3\n|\n|t:|1776268305\n|move|p1a: Mamoswine|Protect|p1a: Mamoswine\n|-singleturn|p1a: Mamoswine|Protect\n|move|p2a: Incineroar|Fake Out|p1a: Mamoswine\n|-activate|p1a: Mamoswine|move: Protect\n|move|p2b: Garchomp|Earthquake|p1b: Ampharos|[spread] p2a,p1b\n|-activate|p1a: Mamoswine|move: Protect\n|-supereffective|p2a: Incineroar|1\n|-supereffective|p1b: Ampharos|1\n|-damage|p2a: Incineroar|0 fnt\n|-damage|p1b: Ampharos|0 fnt\n|faint|p2a: Incineroar\n|faint|p1b: Ampharos\n|\n|-weather|Sandstorm|[upkeep]\n|upkeep\n|\n|t:|1776268316\n|switch|p1b: Altaria|Altaria, L50, F|100/100\n|-ability|p1b: Altaria|Cloud Nine\n|turn|4\n|-message|alex616c forfeited.\n|\n|win|Ph4npy\n|raw|Ph4npy's rating: 1066 &rarr; <strong>1091</strong><br />(+25 for winning)\n|raw|alex616c's rating: 1003 &rarr; <strong>1000</strong><br />(-3 for losing)\n|l|\u2606alex616c\n|player|p2|\n",
  "uploadtime": 1776268332,
  "views": 26,
  "formatid": "gen9championsvgc2026regma",
  "rating": 1000,
  "private": 0,
  "password": null
}