{
  "id": "gen9championsvgc2026regma-2585151463",
  "format": "[Gen 9 Champions] VGC 2026 Reg M-A",
  "players": [
    "dax92",
    "shaulas0lid"
  ],
  "log": "|j|\u2606dax92\n|j|\u2606shaulas0lid\n|t:|1776318112\n|gametype|doubles\n|player|p1|dax92|blue|1129\n|player|p2|shaulas0lid|aromalady|1149\n|gen|9\n|tier|[Gen 9 Champions] VGC 2026 Reg M-A\n|rated|\n|rule|Species Clause: Limit one of each Pok\u00e9mon\n|rule|Item Clause: Limit 1 of each item\n|clearpoke\n|poke|p1|Charizard, L50, F|\n|poke|p1|Sneasler, L50, F|\n|poke|p1|Whimsicott, L50, F|\n|poke|p1|Farigiraf, L50, F|\n|poke|p1|Venusaur, L50, M|\n|poke|p1|Garchomp, L50, F|\n|poke|p2|Farigiraf, L50, F|\n|poke|p2|Crabominable, L50, F|\n|poke|p2|Orthworm, L50, F|\n|poke|p2|Slowking, L50, M|\n|poke|p2|Glimmora, L50, F|\n|poke|p2|Milotic, L50, M|\n|teampreview|4\nshaulas0lid rejected open team sheets.\n|\n|t:|1776318173\n|teamsize|p1|4\n|teamsize|p2|4\n|start\n|switch|p1a: Whimsicott|Whimsicott, L50, F|100/100\n|switch|p1b: Garchomp|Garchomp, L50, F|100/100\n|switch|p2a: Farigiraf|Farigiraf, L50, F, shiny|100/100\n|switch|p2b: Slowking|Slowking, L50, M|100/100\n|turn|1\n|inactive|Battle timer is ON: inactive players will automatically lose when time's up. (requested by dax92)\n|\n|t:|1776318194\n|move|p1a: Whimsicott|Moonblast|p2b: Slowking\n|-damage|p2b: Slowking|78/100\n|move|p1b: Garchomp|Rock Slide|p2a: Farigiraf|[spread] p2b\n|-miss|p1b: Garchomp|p2a: Farigiraf\n|-damage|p2b: Slowking|57/100\n|-prepare|p2b: Slowking|Chilly Reception|[premajor]\n|move|p2b: Slowking|Chilly Reception|p2b: Slowking\n|-weather|Snowscape\n|\n|t:|1776318204\n|switch|p2b: Crabominable|Crabominable, L50, F, shiny|100/100|[from] Chilly Reception\n|move|p2a: Farigiraf|Trick Room|p2a: Farigiraf\n|-fieldstart|move: Trick Room|[of] p2a: Farigiraf\n|\n|-weather|Snowscape|[upkeep]\n|upkeep\n|turn|2\n|\n|t:|1776318218\n|switch|p1b: Charizard|Charizard, L50, F|100/100\n|detailschange|p2b: Crabominable|Crabominable-Mega, L50, F, shiny\n|-mega|p2b: Crabominable|Crabominable|Crabominite\n|move|p1a: Whimsicott|Sunny Day|p1a: Whimsicott\n|-weather|SunnyDay\n|move|p2b: Crabominable|Ice Hammer|p1b: Charizard\n|-damage|p1b: Charizard|0 fnt\n|-unboost|p2b: Crabominable|spe|1\n|faint|p1b: Charizard\n|move|p2a: Farigiraf|Imprison|p2a: Farigiraf\n|-start|p2a: Farigiraf|move: Imprison\n|\n|-weather|SunnyDay|[upkeep]\n|upkeep\n|\n|t:|1776318236\n|switch|p1b: Venusaur|Venusaur, L50, M|100/100\n|turn|3\n|inactive|dax92 has 30 seconds left.\n|\n|t:|1776318264\n|move|p2b: Crabominable|Ice Hammer|p1b: Venusaur\n|-supereffective|p1b: Venusaur|1\n|-damage|p1b: Venusaur|0 fnt\n|-unboost|p2b: Crabominable|spe|1\n|faint|p1b: Venusaur\n|move|p2a: Farigiraf|Psyshock|p1a: Whimsicott\n|-damage|p1a: Whimsicott|57/100\n|move|p1a: Whimsicott|Moonblast|p2b: Crabominable\n|-supereffective|p2b: Crabominable|1\n|-crit|p2b: Crabominable\n|-damage|p2b: Crabominable|12/100\n|\n|-weather|SunnyDay|[upkeep]\n|upkeep\n|\n|t:|1776318277\n|switch|p1b: Garchomp|Garchomp, L50, F|100/100\n|turn|4\n|-message|dax92 forfeited.\n|\n|win|shaulas0lid\n|raw|dax92's rating: 1129 &rarr; <strong>1105</strong><br />(-24 for losing)\n|raw|shaulas0lid's rating: 1149 &rarr; <strong>1173</strong><br />(+24 for winning)\n|l|\u2606dax92\n|player|p1|\n",
  "uploadtime": 1776318318,
  "views": 45,
  "formatid": "gen9championsvgc2026regma",
  "rating": 1105,
  "private": 0,
  "password": null
}