{
  "id": "gen9championsvgc2026regma-2588391138",
  "format": "[Gen 9 Champions] VGC 2026 Reg M-A",
  "players": [
    "autiorez",
    "MaxwellhehexD"
  ],
  "log": "|j|\u2606autiorez\n|j|\u2606MaxwellhehexD\n|t:|1776629577\n|gametype|doubles\n|player|p1|autiorez|youngn|1203\n|player|p2|MaxwellhehexD|gambler|1289\n|gen|9\n|tier|[Gen 9 Champions] VGC 2026 Reg M-A\n|rated|\n|rule|Species Clause: Limit one of each Pok\u00e9mon\n|rule|Item Clause: Limit 1 of each item\n|clearpoke\n|poke|p1|Froslass, L50, F|\n|poke|p1|Jolteon, L50, M|\n|poke|p1|Zoroark-Hisui, L50, F|\n|poke|p1|Aerodactyl, L50, M|\n|poke|p1|Milotic, L50, M|\n|poke|p1|Slowking-Galar, L50, M|\n|poke|p2|Blastoise, L50, M|\n|poke|p2|Pelipper, L50, M|\n|poke|p2|Sinistcha, L50|\n|poke|p2|Sneasler, L50, M|\n|poke|p2|Garchomp, L50, F|\n|poke|p2|Kingambit, L50, F|\n|teampreview|4\n|inactive|Battle timer is ON: inactive players will automatically lose when time's up. (requested by MaxwellhehexD)\n|inactive|autiorez also wants the timer to be on.\n|inactive|autiorez has 60 seconds left.\n|inactive|MaxwellhehexD has 60 seconds left.\n|\n|t:|1776629614\n|teamsize|p1|4\n|teamsize|p2|4\n|start\n|switch|p1a: Jolteon|Jolteon, L50, M|100/100\n|switch|p1b: Slowking|Slowking-Galar, L50, M|100/100\n|switch|p2a: Garchomp|Garchomp, L50, F|100/100\n|switch|p2b: Pelipper|Pelipper, L50, M|100/100\n|-weather|RainDance|[from] ability: Drizzle|[of] p2b: Pelipper\n|turn|1\n|\n|t:|1776629634\n|move|p1a: Jolteon|Protect|p1a: Jolteon\n|-singleturn|p1a: Jolteon|Protect\n|move|p2b: Pelipper|U-turn|p1b: Slowking\n|-damage|p1b: Slowking|93/100\n|\n|t:|1776629641\n|switch|p2b: Kingambit|Kingambit, L50, F|100/100|[from] U-turn\n|move|p2a: Garchomp|Earthquake|p1b: Slowking|[spread] p2b,p1b\n|-activate|p1a: Jolteon|move: Protect\n|-supereffective|p2b: Kingambit|1\n|-supereffective|p1b: Slowking|1\n|-damage|p2b: Kingambit|45/100\n|-damage|p1b: Slowking|29/100\n|-prepare|p1b: Slowking|Chilly Reception|[premajor]\n|move|p1b: Slowking|Chilly Reception|p1b: Slowking\n|-weather|Snowscape\n|c|\u2606autiorez|an IQ too high?\n|\n|t:|1776629657\n|switch|p1b: Froslass|Froslass, L50, F|100/100|[from] Chilly Reception\n|\n|-weather|Snowscape|[upkeep]\n|upkeep\n|turn|2\n|\n|t:|1776629667\n|detailschange|p1b: Froslass|Froslass-Mega, L50, F\n|-mega|p1b: Froslass|Froslass|Froslassite\n|move|p2b: Kingambit|Sucker Punch||[still]\n|-fail|p2b: Kingambit\n|move|p1a: Jolteon|Weather Ball|p2a: Garchomp\n|-supereffective|p2a: Garchomp|2\n|-damage|p2a: Garchomp|0 fnt\n|faint|p2a: Garchomp\n|move|p1b: Froslass|Aurora Veil|p1b: Froslass\n|-sidestart|p1: autiorez|move: Aurora Veil\n|\n|-weather|Snowscape|[upkeep]\n|upkeep\n|-message|MaxwellhehexD forfeited.\n|\n|win|autiorez\n|raw|autiorez's rating: 1174 &rarr; <strong>1207</strong><br />(+33 for winning)\n|raw|MaxwellhehexD's rating: 1289 &rarr; <strong>1256</strong><br />(-33 for losing)\n|l|\u2606MaxwellhehexD\n|player|p2|\n",
  "uploadtime": 1776629678,
  "views": 12,
  "formatid": "gen9championsvgc2026regma",
  "rating": 1207,
  "private": 0,
  "password": null
}