{
  "id": "gen9championsvgc2026regma-2584359717",
  "format": "[Gen 9 Champions] VGC 2026 Reg M-A",
  "players": [
    "smp on whimsicott",
    "BANKAI_545"
  ],
  "log": "|j|\u2606smp on whimsicott\n|j|\u2606BANKAI_545\n|t:|1776254733\n|gametype|doubles\n|player|p1|smp on whimsicott|artist-gen4|1298\n|player|p2|BANKAI_545|n|1401\n|gen|9\n|tier|[Gen 9 Champions] VGC 2026 Reg M-A\n|rated|\n|rule|Species Clause: Limit one of each Pok\u00e9mon\n|rule|Item Clause: Limit 1 of each item\n|clearpoke\n|poke|p1|Arcanine, L50, M|\n|poke|p1|Venusaur, L50, M|\n|poke|p1|Sneasler, L50, F|\n|poke|p1|Rotom-Wash, L50|\n|poke|p1|Garchomp, L50, M|\n|poke|p1|Corviknight, L50, M|\n|poke|p2|Gengar, L50, M|\n|poke|p2|Incineroar, L50, F|\n|poke|p2|Sinistcha-Masterpiece, L50|\n|poke|p2|Kingambit, L50, F|\n|poke|p2|Tyranitar, L50, F|\n|poke|p2|Rotom-Heat, L50|\n|teampreview|4\n|inactive|Battle timer is ON: inactive players will automatically lose when time's up. (requested by BANKAI_545)\n|\n|t:|1776254762\n|teamsize|p1|4\n|teamsize|p2|4\n|start\n|switch|p1a: Rotom|Rotom-Wash, L50|100/100\n|switch|p1b: Venusaur|Venusaur, L50, M|100/100\n|switch|p2a: gengy|Gengar, L50, M, shiny|100/100\n|switch|p2b: roar!|Incineroar, L50, F|100/100\n|-ability|p2b: roar!|Intimidate|boost\n|-unboost|p1a: Rotom|atk|1\n|-unboost|p1b: Venusaur|atk|1\n|turn|1\n|\n|t:|1776254784\n|switch|p1a: Garchomp|Garchomp, L50, M|100/100\n|switch|p1b: Arcanine|Arcanine, L50, M|100/100\n|-ability|p1b: Arcanine|Intimidate|boost\n|-unboost|p2a: gengy|atk|1\n|-unboost|p2b: roar!|atk|1\n|detailschange|p2a: gengy|Gengar-Mega, L50, M, shiny\n|-mega|p2a: gengy|Gengar|Gengarite\n|move|p2b: roar!|Fake Out|p1b: Arcanine\n|-damage|p1b: Arcanine|93/100\n|move|p2a: gengy|Perish Song|p2a: gengy\n|-start|p1a: Garchomp|perish3|[silent]\n|-start|p1b: Arcanine|perish3|[silent]\n|-start|p2a: gengy|perish3|[silent]\n|-start|p2b: roar!|perish3|[silent]\n|-fieldactivate|move: Perish Song\n|\n|-start|p2a: gengy|perish3\n|-start|p1a: Garchomp|perish3\n|-start|p1b: Arcanine|perish3\n|-start|p2b: roar!|perish3\n|upkeep\n|turn|2\n|inactive|smp on whimsicott has 30 seconds left.\n|\n|t:|1776254813\n|move|p2a: gengy|Protect|p2a: gengy\n|-singleturn|p2a: gengy|Protect\n|move|p2b: roar!|Protect|p2b: roar!\n|-singleturn|p2b: roar!|Protect\n|move|p1a: Garchomp|Stone Edge|p2b: roar!\n|-activate|p2b: roar!|move: Protect\n|move|p1b: Arcanine|Flare Blitz|p2b: roar!\n|-activate|p2b: roar!|move: Protect\n|\n|-start|p2a: gengy|perish2\n|-start|p1a: Garchomp|perish2\n|-start|p1b: Arcanine|perish2\n|-start|p2b: roar!|perish2\n|upkeep\n|turn|3\n|\n|t:|1776254838\n|switch|p2a: Rotom|Rotom-Heat, L50, shiny|100/100\n|move|p1a: Garchomp|Dragon Claw|p2a: Rotom\n|-damage|p2a: Rotom|60/100\n|move|p1b: Arcanine|Flare Blitz|p2a: Rotom\n|-resisted|p2a: Rotom|1\n|-damage|p2a: Rotom|40/100\n|-damage|p1b: Arcanine|88/100|[from] Recoil\n|move|p2b: roar!|Parting Shot|p2a: Rotom\n|-unboost|p2a: Rotom|atk|1\n|-unboost|p2a: Rotom|spa|1\n|-message|smp on whimsicott forfeited.\n|\n|win|BANKAI_545\n|raw|smp on whimsicott's rating: 1298 &rarr; <strong>1280</strong><br />(-18 for losing)\n|raw|BANKAI_545's rating: 1401 &rarr; <strong>1415</strong><br />(+14 for winning)\n",
  "uploadtime": 1776254848,
  "views": 48,
  "formatid": "gen9championsvgc2026regma",
  "rating": 1280,
  "private": 0,
  "password": null
}