{
  "id": "gen9championsvgc2026regma-2587397655",
  "format": "[Gen 9 Champions] VGC 2026 Reg M-A",
  "players": [
    "TatsuoSama",
    "elmassagista"
  ],
  "log": "|j|\u2606TatsuoSama\n|j|\u2606elmassagista\n|t:|1776528453\n|gametype|doubles\n|player|p1|TatsuoSama|worker|1107\n|player|p2|elmassagista|cress|1169\n|gen|9\n|tier|[Gen 9 Champions] VGC 2026 Reg M-A\n|rated|\n|rule|Species Clause: Limit one of each Pok\u00e9mon\n|rule|Item Clause: Limit 1 of each item\n|clearpoke\n|poke|p1|Oranguru, L50, F|\n|poke|p1|Sinistcha, L50|\n|poke|p1|Tyranitar, L50, M|\n|poke|p1|Excadrill, L50, F|\n|poke|p1|Slowbro, L50, M|\n|poke|p1|Heliolisk, L50, F|\n|poke|p2|Politoed, L50, M|\n|poke|p2|Simipour, L50, F|\n|poke|p2|Gengar, L50, F|\n|poke|p2|Incineroar, L50, F|\n|poke|p2|Kingambit, L50, M|\n|poke|p2|Maushold, L50|\n|teampreview|4\n|\n|t:|1776528474\n|teamsize|p1|4\n|teamsize|p2|4\n|start\n|switch|p1a: Heliolisk|Heliolisk, L50, F|100/100\n|switch|p1b: Oranguru|Oranguru, L50, F|100/100\n|switch|p2a: Gengar|Gengar, L50, F|100/100\n|switch|p2b: Kingambit|Kingambit, L50, M|100/100\n|turn|1\n|\n|t:|1776528489\n|detailschange|p2a: Gengar|Gengar-Mega, L50, F\n|-mega|p2a: Gengar|Gengar|Gengarite\n|move|p2a: Gengar|Sludge Bomb|p1b: Oranguru\n|-damage|p1b: Oranguru|56/100\n|move|p1a: Heliolisk|Shed Tail|p1a: Heliolisk\n|-start|p1a: Heliolisk|Substitute|[from] move: Shed Tail\n|-damage|p1a: Heliolisk|50/100\n|-enditem|p1a: Heliolisk|Sitrus Berry|[eat]\n|-heal|p1a: Heliolisk|75/100|[from] item: Sitrus Berry\n|\n|t:|1776528499\n|switch|p1a: Slowbro|Slowbro, L50, M|100/100|[from] Shed Tail\n|move|p2b: Kingambit|Kowtow Cleave|p1b: Oranguru\n|-supereffective|p1b: Oranguru|1\n|-damage|p1b: Oranguru|0 fnt\n|faint|p1b: Oranguru\n|\n|upkeep\n|\n|t:|1776528506\n|switch|p1b: Sinistcha|Sinistcha, L50|100/100\n|turn|2\n|\n|t:|1776528513\n|detailschange|p1a: Slowbro|Slowbro-Mega, L50, M\n|-mega|p1a: Slowbro|Slowbro|Slowbronite\n|move|p2a: Gengar|Shadow Ball|p1b: Sinistcha\n|-supereffective|p1b: Sinistcha|1\n|-enditem|p1b: Sinistcha|Focus Sash\n|-damage|p1b: Sinistcha|1/100\n|move|p2b: Kingambit|Kowtow Cleave|p1b: Sinistcha\n|-supereffective|p1b: Sinistcha|1\n|-damage|p1b: Sinistcha|0 fnt\n|faint|p1b: Sinistcha\n|move|p1a: Slowbro|Belly Drum|p1a: Slowbro\n|-damage|p1a: Slowbro|50/100\n|-setboost|p1a: Slowbro|atk|6|[from] move: Belly Drum\n|\n|upkeep\n|\n|t:|1776528522\n|switch|p1b: Heliolisk|Heliolisk, L50, F|75/100\n|turn|3\n|\n|t:|1776528534\n|move|p1b: Heliolisk|Protect|p1b: Heliolisk\n|-singleturn|p1b: Heliolisk|Protect\n|move|p2a: Gengar|Shadow Ball|p1a: Slowbro\n|-supereffective|p1a: Slowbro|1\n|-end|p1a: Slowbro|Substitute\n|move|p2b: Kingambit|Kowtow Cleave|p1a: Slowbro\n|-supereffective|p1a: Slowbro|1\n|-damage|p1a: Slowbro|0 fnt\n|faint|p1a: Slowbro\n|\n|upkeep\n|turn|4\n|-message|TatsuoSama forfeited.\n|\n|win|elmassagista\n|raw|TatsuoSama's rating: 1107 &rarr; <strong>1086</strong><br />(-21 for losing)\n|raw|elmassagista's rating: 1169 &rarr; <strong>1190</strong><br />(+21 for winning)\n|l|\u2606TatsuoSama\n|player|p1|\n",
  "uploadtime": 1776528575,
  "views": 17,
  "formatid": "gen9championsvgc2026regma",
  "rating": 1086,
  "private": 0,
  "password": null
}