{
  "id": "gen9championsvgc2026regma-2586571776",
  "format": "[Gen 9 Champions] VGC 2026 Reg M-A",
  "players": [
    "Silkeneve",
    "Red Sinnoh"
  ],
  "log": "|j|\u2606Silkeneve\n|j|\u2606Red Sinnoh\n|t:|1776443918\n|gametype|doubles\n|player|p1|Silkeneve|1|1155\n|player|p2|Red Sinnoh|266|1065\n|gen|9\n|tier|[Gen 9 Champions] VGC 2026 Reg M-A\n|rated|\n|rule|Species Clause: Limit one of each Pok\u00e9mon\n|rule|Item Clause: Limit 1 of each item\n|clearpoke\n|poke|p1|Crabominable, L50, F|\n|poke|p1|Mimikyu, L50, F|\n|poke|p1|Froslass, L50, F|\n|poke|p1|Primarina, L50, M|\n|poke|p1|Ninetales-Alola, L50, F|\n|poke|p1|Scizor, L50, M|\n|poke|p2|Aerodactyl, L50, M|\n|poke|p2|Tauros-Paldea-Aqua, L50, M|\n|poke|p2|Typhlosion-Hisui, L50, M|\n|poke|p2|Sinistcha, L50|\n|poke|p2|Sharpedo, L50, M|\n|poke|p2|Incineroar, L50, M|\n|teampreview|4\n|inactive|Battle timer is ON: inactive players will automatically lose when time's up. (requested by Red Sinnoh)\nRed Sinnoh has agreed to open team sheets.\n|\n|t:|1776443940\n|teamsize|p1|4\n|teamsize|p2|4\n|start\n|switch|p1a: Primarina|Primarina, L50, M|100/100\n|switch|p1b: Mimikyu|Mimikyu, L50, F|100/100\n|switch|p2a: Aerodactyl|Aerodactyl, L50, M, shiny|100/100\n|switch|p2b: Typhlosion|Typhlosion-Hisui, L50, M, shiny|100/100\n|-ability|p2a: Aerodactyl|Unnerve\n|-item|p1a: Primarina|Leftovers|[from] ability: Frisk|[of] p2b: Typhlosion\n|-item|p1b: Mimikyu|Mental Herb|[from] ability: Frisk|[of] p2b: Typhlosion\n|turn|1\n|inactive|Red Sinnoh has 30 seconds left.\n|\n|t:|1776443967\n|move|p2a: Aerodactyl|Tailwind|p2a: Aerodactyl\n|-sidestart|p2: Red Sinnoh|move: Tailwind\n|move|p2b: Typhlosion|Eruption|p1b: Mimikyu|[spread] p1a,p1b\n|-resisted|p1a: Primarina|1\n|-damage|p1a: Primarina|72/100\n|-activate|p1b: Mimikyu|ability: Disguise\n|-damage|p1b: Mimikyu|100/100\n|detailschange|p1b: Mimikyu|Mimikyu-Busted, L50, F\n|-damage|p1b: Mimikyu|88/100|[from] pokemon: Mimikyu-Busted\n|move|p1b: Mimikyu|Will-O-Wisp|p2a: Aerodactyl\n|-status|p2a: Aerodactyl|brn\n|move|p1a: Primarina|Hyper Voice|p2b: Typhlosion|[spread] p2a,p2b\n|-supereffective|p2a: Aerodactyl|1\n|-supereffective|p2b: Typhlosion|1\n|-damage|p2a: Aerodactyl|2/100 brn\n|-damage|p2b: Typhlosion|3/100\n|\n|-heal|p1a: Primarina|78/100|[from] item: Leftovers\n|-damage|p2a: Aerodactyl|0 fnt|[from] brn\n|faint|p2a: Aerodactyl\n|upkeep\n|\n|t:|1776443983\n|switch|p2a: Incineroar|Incineroar, L50, M, shiny|100/100\n|-ability|p2a: Incineroar|Intimidate|boost\n|-unboost|p1a: Primarina|atk|1\n|-unboost|p1b: Mimikyu|atk|1\n|turn|2\n|\n|t:|1776443993\n|move|p1a: Primarina|Protect|p1a: Primarina\n|-singleturn|p1a: Primarina|Protect\n|move|p2a: Incineroar|Fake Out|p1a: Primarina\n|-activate|p1a: Primarina|move: Protect\n|move|p2b: Typhlosion|Infernal Parade|p1b: Mimikyu\n|-supereffective|p1b: Mimikyu|1\n|-damage|p1b: Mimikyu|4/100\n|move|p1b: Mimikyu|Trick Room|p1b: Mimikyu\n|-fieldstart|move: Trick Room|[of] p1b: Mimikyu\n|\n|-heal|p1a: Primarina|84/100|[from] item: Leftovers\n|upkeep\n|turn|3\n|\n|t:|1776444013\n|move|p2b: Typhlosion|Protect|p2b: Typhlosion\n|-singleturn|p2b: Typhlosion|Protect\n|move|p1a: Primarina|Hyper Voice|p2b: Typhlosion|[spread] p2a\n|-activate|p2b: Typhlosion|move: Protect\n|-supereffective|p2a: Incineroar|1\n|-damage|p2a: Incineroar|30/100\n|move|p1b: Mimikyu|Play Rough|p2a: Incineroar\n|-damage|p2a: Incineroar|3/100\n|move|p2a: Incineroar|Parting Shot|p1a: Primarina\n|-unboost|p1a: Primarina|atk|1\n|-unboost|p1a: Primarina|spa|1\n|\n|t:|1776444024\n|switch|p2a: Tauros|Tauros-Paldea-Aqua, L50, M, shiny|100/100|[from] Parting Shot\n|-ability|p2a: Tauros|Intimidate|boost\n|-unboost|p1a: Primarina|atk|1\n|-unboost|p1b: Mimikyu|atk|1\n|\n|-heal|p1a: Primarina|90/100|[from] item: Leftovers\n|upkeep\n|turn|4\n|\n|t:|1776444036\n|move|p2a: Tauros|Aqua Jet|p1b: Mimikyu\n|-damage|p1b: Mimikyu|0 fnt\n|faint|p1b: Mimikyu\n|move|p1a: Primarina|Moonblast|p2a: Tauros\n|-supereffective|p2a: Tauros|1\n|-damage|p2a: Tauros|0 fnt\n|faint|p2a: Tauros\n|move|p2b: Typhlosion|Infernal Parade|p1a: Primarina\n|-damage|p1a: Primarina|63/100\n|\n|-heal|p1a: Primarina|69/100|[from] item: Leftovers\n|-sideend|p2: Red Sinnoh|move: Tailwind\n|upkeep\n|-message|Red Sinnoh forfeited.\n|\n|win|Silkeneve\n|raw|Silkeneve's rating: 1155 &rarr; <strong>1174</strong><br />(+19 for winning)\n|raw|Red Sinnoh's rating: 1065 &rarr; <strong>1050</strong><br />(-15 for losing)\n|l|\u2606Red Sinnoh\n|player|p2|\n",
  "uploadtime": 1776444064,
  "views": 22,
  "formatid": "gen9championsvgc2026regma",
  "rating": 1050,
  "private": 0,
  "password": null
}