{
  "id": "gen9championsvgc2026regma-2588802338",
  "format": "[Gen 9 Champions] VGC 2026 Reg M-A",
  "players": [
    "summermayflower",
    "wdnmlgbyd"
  ],
  "log": "|j|\u2606summermayflower\n|j|\u2606wdnmlgbyd\n|t:|1776672676\n|gametype|doubles\n|player|p1|summermayflower|flannery|1019\n|player|p2|wdnmlgbyd|channeler-lgpe|1039\n|gen|9\n|tier|[Gen 9 Champions] VGC 2026 Reg M-A\n|rated|\n|rule|Species Clause: Limit one of each Pok\u00e9mon\n|rule|Item Clause: Limit 1 of each item\n|clearpoke\n|poke|p1|Abomasnow, L50, M|\n|poke|p1|Oranguru, L50, M|\n|poke|p1|Blastoise, L50, F|\n|poke|p1|Kingambit, L50, F|\n|poke|p1|Aerodactyl, L50, F|\n|poke|p1|Incineroar, L50, F|\n|poke|p2|Maushold-Four, L50|\n|poke|p2|Starmie, L50|\n|poke|p2|Alcremie, L50, F|\n|poke|p2|Hydreigon, L50, F|\n|poke|p2|Rotom-Heat, L50|\n|poke|p2|Whimsicott, L50, F|\n|teampreview|4\n|inactive|Battle timer is ON: inactive players will automatically lose when time's up. (requested by summermayflower)\n|inactive|summermayflower has 60 seconds left.\n|\n|t:|1776672733\n|teamsize|p1|4\n|teamsize|p2|4\n|start\n|switch|p1a: Nestle|Aerodactyl, L50, F|100/100\n|switch|p1b: Leonardo|Blastoise, L50, F|100/100\n|switch|p2a: Starmie|Starmie, L50|100/100\n|switch|p2b: Maushold|Maushold-Four, L50|100/100\n|-ability|p1a: Nestle|Unnerve\n|turn|1\n|inactive|summermayflower has 30 seconds left.\n|inactive|wdnmlgbyd has 30 seconds left.\n|inactive|summermayflower has 20 seconds left.\n|inactive|wdnmlgbyd has 20 seconds left.\n|inactive|wdnmlgbyd has 15 seconds left.\n|\n|t:|1776672774\n|detailschange|p2a: Starmie|Starmie-Mega, L50\n|-mega|p2a: Starmie|Starmie|Starminite\n|move|p1a: Nestle|Tailwind|p1a: Nestle\n|-sidestart|p1: summermayflower|move: Tailwind\n|move|p1b: Leonardo|Water Spout|p2b: Maushold|[spread] p2a,p2b\n|-resisted|p2a: Starmie|1\n|-damage|p2a: Starmie|80/100\n|-damage|p2b: Maushold|42/100\n|move|p2b: Maushold|Encore|p1b: Leonardo\n|-start|p1b: Leonardo|Encore\n|move|p2a: Starmie|Minimize|p2a: Starmie\n|-boost|p2a: Starmie|evasion|2\n|\n|upkeep\n|turn|2\n|\n|t:|1776672791\n|detailschange|p1b: Leonardo|Blastoise-Mega, L50, F\n|-mega|p1b: Leonardo|Blastoise|Blastoisinite\n|move|p2b: Maushold|Protect|p2b: Maushold\n|-singleturn|p2b: Maushold|Protect\n|move|p1a: Nestle|Rock Slide|p2b: Maushold|[spread] p2a\n|-activate|p2b: Maushold|move: Protect\n|-damage|p2a: Starmie|57/100\n|move|p1b: Leonardo|Water Spout|p2a: Starmie|[spread] p2a\n|-activate|p2b: Maushold|move: Protect\n|-resisted|p2a: Starmie|1\n|-damage|p2a: Starmie|31/100\n|cant|p2a: Starmie|flinch\n|\n|upkeep\n|turn|3\n|inactive|wdnmlgbyd has 30 seconds left.\n|\n|t:|1776672817\n|move|p1a: Nestle|Rock Slide|p2a: Starmie|[spread] p2a,p2b\n|-damage|p2a: Starmie|8/100\n|-damage|p2b: Maushold|10/100\n|move|p1b: Leonardo|Water Spout|p2a: Starmie|[spread] p2a,p2b\n|-resisted|p2a: Starmie|1\n|-damage|p2a: Starmie|0 fnt\n|-damage|p2b: Maushold|0 fnt\n|faint|p2a: Starmie\n|faint|p2b: Maushold\n|\n|upkeep\n|-message|wdnmlgbyd forfeited.\n|\n|win|summermayflower\n|raw|summermayflower's rating: 1019 &rarr; <strong>1058</strong><br />(+39 for winning)\n|raw|wdnmlgbyd's rating: 1039 &rarr; <strong>1022</strong><br />(-17 for losing)\n|l|\u2606wdnmlgbyd\n|player|p2|\n",
  "uploadtime": 1776672830,
  "views": 19,
  "formatid": "gen9championsvgc2026regma",
  "rating": 1022,
  "private": 0,
  "password": null
}