{
  "id": "gen9championsvgc2026regma-2583189485",
  "format": "[Gen 9 Champions] VGC 2026 Reg M-A",
  "players": [
    "nakoharuno",
    "lpqr3"
  ],
  "log": "|j|\u2606nakoharuno\n|j|\u2606lpqr3\n|t:|1776152761\n|gametype|doubles\n|player|p1|nakoharuno|dawn|1111\n|player|p2|lpqr3|grimsley|1050\n|gen|9\n|tier|[Gen 9 Champions] VGC 2026 Reg M-A\n|rated|\n|rule|Species Clause: Limit one of each Pok\u00e9mon\n|rule|Item Clause: Limit 1 of each item\n|clearpoke\n|poke|p1|Floette-Eternal, L50, F|\n|poke|p1|Garchomp, L50, M|\n|poke|p1|Gengar, L50, F|\n|poke|p1|Corviknight, L50, M|\n|poke|p1|Rotom-Frost, L50|\n|poke|p1|Ninetales-Alola, L50, F|\n|poke|p2|Alakazam, L50, M|\n|poke|p2|Infernape, L50, F|\n|poke|p2|Gyarados, L50, F|\n|poke|p2|Gliscor, L50, M|\n|poke|p2|Tyranitar, L50, F|\n|poke|p2|Excadrill, L50, M|\n|teampreview|4\n|\n|t:|1776152792\n|teamsize|p1|4\n|teamsize|p2|4\n|start\n|switch|p1a: Flordelis|Floette-Eternal, L50, F, shiny|100/100\n|switch|p1b: Pedregulho|Garchomp, L50, M|100/100\n|switch|p2a: Alakazam|Alakazam, L50, M|100/100\n|switch|p2b: Infernape|Infernape, L50, F|100/100\n|turn|1\n|\n|t:|1776152826\n|detailschange|p2a: Alakazam|Alakazam-Mega, L50, M\n|-mega|p2a: Alakazam|Alakazam|Alakazite\n|-ability|p2a: Alakazam|Flower Veil|Trace|[from] ability: Trace|[of] p1a: Flordelis\n|move|p2b: Infernape|Fake Out|p1a: Flordelis\n|-damage|p1a: Flordelis|82/100\n|move|p1b: Pedregulho|Stomping Tantrum|p2b: Infernape\n|-supereffective|p2b: Infernape|1\n|-damage|p2b: Infernape|0 fnt\n|faint|p2b: Infernape\n|move|p2a: Alakazam|Nasty Plot|p2a: Alakazam\n|-boost|p2a: Alakazam|spa|2\n|cant|p1a: Flordelis|flinch\n|\n|upkeep\n|\n|t:|1776152841\n|switch|p2b: Excadrill|Excadrill, L50, M|100/100\n|-ability|p2b: Excadrill|Mold Breaker\n|turn|2\n|\n|t:|1776152862\n|detailschange|p1a: Flordelis|Floette-Mega, L50, F, shiny\n|-mega|p1a: Flordelis|Floette|Floettite\n|-ability|p1a: Flordelis|Fairy Aura\n|move|p1b: Pedregulho|Stomping Tantrum|p2b: Excadrill\n|-supereffective|p2b: Excadrill|1\n|-damage|p2b: Excadrill|0 fnt\n|faint|p2b: Excadrill\n|move|p2a: Alakazam|Dazzling Gleam|p1b: Pedregulho|[spread] p1a,p1b\n|-supereffective|p1b: Pedregulho|1\n|-damage|p1a: Flordelis|21/100\n|-damage|p1b: Pedregulho|0 fnt\n|faint|p1b: Pedregulho\n|move|p1a: Flordelis|Light of Ruin|p2a: Alakazam\n|-damage|p2a: Alakazam|0 fnt\n|faint|p2a: Alakazam\n|-damage|p1a: Flordelis|0 fnt|[from] Recoil\n|faint|p1a: Flordelis\n|\n|upkeep\n|\n|t:|1776152916\n|switch|p1b: Rotom|Rotom-Frost, L50, shiny|100/100\n|switch|p1a: Noplda|Ninetales-Alola, L50, F, shiny|100/100\n|switch|p2b: Tyranitar|Tyranitar, L50, F|100/100\n|-weather|Snowscape|[from] ability: Snow Warning|[of] p1a: Noplda\n|-weather|Sandstorm|[from] ability: Sand Stream|[of] p2b: Tyranitar\n|turn|3\n|\n|t:|1776152933\n|move|p1a: Noplda|Dazzling Gleam|p2b: Tyranitar\n|-supereffective|p2b: Tyranitar|1\n|-crit|p2b: Tyranitar\n|-damage|p2b: Tyranitar|48/100\n|move|p2b: Tyranitar|Dragon Dance|p2b: Tyranitar\n|-boost|p2b: Tyranitar|atk|1\n|-boost|p2b: Tyranitar|spe|1\n|move|p1b: Rotom|Will-O-Wisp|p2b: Tyranitar\n|-status|p2b: Tyranitar|brn\n|\n|-weather|Sandstorm|[upkeep]\n|-damage|p1a: Noplda|94/100|[from] Sandstorm\n|-damage|p1b: Rotom|94/100|[from] Sandstorm\n|-heal|p1b: Rotom|100/100|[from] item: Leftovers\n|-damage|p2b: Tyranitar|43/100 brn|[from] brn\n|upkeep\n|turn|4\n|\n|t:|1776152954\n|move|p2b: Tyranitar|Stone Edge|p1a: Noplda|[miss]\n|-miss|p2b: Tyranitar|p1a: Noplda\n|move|p1a: Noplda|Dazzling Gleam|p2b: Tyranitar\n|-supereffective|p2b: Tyranitar|1\n|-damage|p2b: Tyranitar|2/100 brn\n|move|p1b: Rotom|Blizzard|p2b: Tyranitar\n|-damage|p2b: Tyranitar|0 fnt\n|faint|p2b: Tyranitar\n|\n|win|nakoharuno\n|raw|nakoharuno's rating: 1111 &rarr; <strong>1132</strong><br />(+21 for winning)\n|raw|lpqr3's rating: 1050 &rarr; <strong>1036</strong><br />(-14 for losing)\n|l|\u2606lpqr3\n|player|p2|\n",
  "uploadtime": 1776152966,
  "views": 29,
  "formatid": "gen9championsvgc2026regma",
  "rating": 1036,
  "private": 0,
  "password": null
}