{
  "id": "gen9championsvgc2026regma-2586952909",
  "format": "[Gen 9 Champions] VGC 2026 Reg M-A",
  "players": [
    "owex22",
    "KinimaP"
  ],
  "log": "|j|\u2606owex22\n|j|\u2606KinimaP\n|t:|1776475092\n|gametype|doubles\n|player|p1|owex22|swimmerf|1377\n|player|p2|KinimaP|265|1321\n|gen|9\n|tier|[Gen 9 Champions] VGC 2026 Reg M-A\n|rated|\n|rule|Species Clause: Limit one of each Pok\u00e9mon\n|rule|Item Clause: Limit 1 of each item\n|clearpoke\n|poke|p1|Maushold, L50|\n|poke|p1|Farigiraf, L50, M|\n|poke|p1|Jolteon, L50, M|\n|poke|p1|Pelipper, L50, F|\n|poke|p1|Archaludon, L50, F|\n|poke|p1|Golurk, L50|\n|poke|p2|Floette-Eternal, L50, F|\n|poke|p2|Delphox, L50, M|\n|poke|p2|Maushold-Four, L50|\n|poke|p2|Basculegion, L50, M|\n|poke|p2|Garchomp, L50, F|\n|poke|p2|Kingambit, L50, M|\n|teampreview|4\n|inactive|Battle timer is ON: inactive players will automatically lose when time's up. (requested by owex22)\n|l|\u2606KinimaP\n|inactive|KinimaP disconnected and has a minute to reconnect!\n|player|p2|\n|j|\u2606KinimaP\n|inactive|KinimaP reconnected and has 50 seconds left.\n|player|p2|KinimaP|265|\n|\n|t:|1776475152\n|teamsize|p1|4\n|teamsize|p2|4\n|start\n|switch|p1a: Farigiraf|Farigiraf, L50, M|100/100\n|switch|p1b: Golurk|Golurk, L50|100/100\n|switch|p2a: Floette|Floette-Eternal, L50, F|100/100\n|switch|p2b: Maushold|Maushold-Four, L50|100/100\n|turn|1\n|\n|t:|1776475175\n|detailschange|p2a: Floette|Floette-Mega, L50, F\n|-mega|p2a: Floette|Floette|Floettite\n|-ability|p2a: Floette|Fairy Aura\n|detailschange|p1b: Golurk|Golurk-Mega, L50\n|-mega|p1b: Golurk|Golurk|Golurkite\n|move|p1b: Golurk|Protect|p1b: Golurk\n|-singleturn|p1b: Golurk|Protect\n|move|p2b: Maushold|Super Fang|p1a: Farigiraf\n|-damage|p1a: Farigiraf|51/100\n|move|p2a: Floette|Moonblast|p1a: Farigiraf\n|-damage|p1a: Farigiraf|0 fnt\n|faint|p1a: Farigiraf\n|\n|upkeep\n|inactive|owex22 has 30 seconds left.\n|l|\u2606owex22\n|inactive|owex22 disconnected and has a minute to reconnect!\n|player|p1|\n|inactive|owex22 has 20 seconds left.\n|inactive|owex22 has 15 seconds left.\n|inactive|owex22 has 10 seconds left.\n|inactive|owex22 has 5 seconds left.\n|-message|owex22 lost due to inactivity.\n|\n|win|KinimaP\n|raw|owex22's rating: 1377 &rarr; <strong>1354</strong><br />(-23 for losing)\n|raw|KinimaP's rating: 1321 &rarr; <strong>1344</strong><br />(+23 for winning)\n",
  "uploadtime": 1776475246,
  "views": 51,
  "formatid": "gen9championsvgc2026regma",
  "rating": 1344,
  "private": 0,
  "password": null
}