{
  "id": "gen9championsvgc2026regma-2587716539",
  "format": "[Gen 9 Champions] VGC 2026 Reg M-A",
  "players": [
    "disciple of blahaj",
    "proninjagamin0"
  ],
  "log": "|j|\u2606disciple of blahaj\n|j|\u2606proninjagamin0\n|t:|1776556838\n|gametype|doubles\n|player|p1|disciple of blahaj|jacinthe|1258\n|player|p2|proninjagamin0|1|1179\n|gen|9\n|tier|[Gen 9 Champions] VGC 2026 Reg M-A\n|rated|\n|rule|Species Clause: Limit one of each Pok\u00e9mon\n|rule|Item Clause: Limit 1 of each item\n|clearpoke\n|poke|p1|Skarmory, L50, F|\n|poke|p1|Sneasler, L50, M, shiny|\n|poke|p1|Politoed, L50, F|\n|poke|p1|Whimsicott, L50, F|\n|poke|p1|Garchomp, L50, F|\n|poke|p1|Basculegion, L50, M|\n|poke|p2|Sinistcha, L50|\n|poke|p2|Drampa, L50, F|\n|poke|p2|Pelipper, L50, F|\n|poke|p2|Alakazam, L50, M|\n|poke|p2|Scizor, L50, M|\n|poke|p2|Basculegion, L50, M|\n|teampreview|4\n|inactive|Battle timer is ON: inactive players will automatically lose when time's up. (requested by proninjagamin0)\n|inactive|disciple of blahaj has 60 seconds left.\n|\n|t:|1776556898\n|teamsize|p1|4\n|teamsize|p2|4\n|start\n|switch|p1a: Skarmory|Skarmory, L50, F|100/100\n|switch|p1b: Whimsicott|Whimsicott, L50, F|100/100\n|switch|p2a: Alakazam|Alakazam, L50, M|100/100\n|switch|p2b: Drampa|Drampa, L50, F|100/100\n|-ability|p2b: Drampa|Cloud Nine\n|turn|1\n|\n|t:|1776556916\n|detailschange|p1a: Skarmory|Skarmory-Mega, L50, F\n|-mega|p1a: Skarmory|Skarmory|Skarmorite\n|detailschange|p2b: Drampa|Drampa-Mega, L50, F\n|-mega|p2b: Drampa|Drampa|Drampanite\n|move|p1b: Whimsicott|Tailwind|p1b: Whimsicott\n|-sidestart|p1: disciple of blahaj|move: Tailwind\n|move|p1a: Skarmory|Swords Dance|p1a: Skarmory\n|-boost|p1a: Skarmory|atk|2\n|move|p2a: Alakazam|Psychic|p1b: Whimsicott\n|-crit|p1b: Whimsicott\n|-enditem|p1b: Whimsicott|Focus Sash\n|-damage|p1b: Whimsicott|1/100\n|move|p2b: Drampa|Hyper Voice|p1b: Whimsicott|[spread] p1a,p1b\n|-resisted|p1a: Skarmory|1\n|-damage|p1a: Skarmory|71/100\n|-damage|p1b: Whimsicott|0 fnt\n|faint|p1b: Whimsicott\n|\n|upkeep\n|\n|t:|1776556933\n|switch|p1b: Garchomp|Garchomp, L50, F|100/100\n|turn|2\n|\n|t:|1776556944\n|move|p2b: Drampa|Protect|p2b: Drampa\n|-singleturn|p2b: Drampa|Protect\n|move|p1a: Skarmory|Dual Wingbeat|p2a: Alakazam\n|-damage|p2a: Alakazam|0 fnt\n|faint|p2a: Alakazam\n|-hitcount|p2: Alakazam|1\n|move|p1b: Garchomp|Dragon Claw|p2b: Drampa\n|-activate|p2b: Drampa|move: Protect\n|\n|upkeep\n|\n|t:|1776556961\n|switch|p2a: Basculegion|Basculegion, L50, M|100/100\n|turn|3\n|\n|t:|1776556970\n|move|p1a: Skarmory|Dual Wingbeat|p2a: Basculegion\n|-damage|p2a: Basculegion|38/100\n|-damage|p2a: Basculegion|0 fnt\n|faint|p2a: Basculegion\n|-hitcount|p2: Basculegion|2\n|move|p1b: Garchomp|Dragon Claw|p2b: Drampa\n|-supereffective|p2b: Drampa|1\n|-damage|p2b: Drampa|22/100\n|-ability|p2b: Drampa|Berserk|boost\n|-boost|p2b: Drampa|spa|1\n|move|p2b: Drampa|Hyper Voice|p1b: Garchomp|[spread] p1a,p1b\n|-resisted|p1a: Skarmory|1\n|-damage|p1a: Skarmory|27/100\n|-damage|p1b: Garchomp|30/100\n|\n|upkeep\n|\n|t:|1776556974\n|switch|p2a: Sinistcha|Sinistcha, L50|100/100\n|-heal|p2b: Drampa|47/100|[from] ability: Hospitality|[of] p2a: Sinistcha\n|turn|4\n|\n|t:|1776556995\n|move|p2a: Sinistcha|Rage Powder|p2a: Sinistcha\n|-singleturn|p2a: Sinistcha|move: Rage Powder\n|move|p1a: Skarmory|Dual Wingbeat|p2a: Sinistcha\n|-supereffective|p2a: Sinistcha|1\n|-damage|p2a: Sinistcha|26/100\n|-enditem|p2a: Sinistcha|Sitrus Berry|[eat]\n|-heal|p2a: Sinistcha|51/100|[from] item: Sitrus Berry\n|-supereffective|p2a: Sinistcha|1\n|-damage|p2a: Sinistcha|0 fnt\n|faint|p2a: Sinistcha\n|-hitcount|p2: Sinistcha|2\n|move|p1b: Garchomp|Dragon Claw|p2b: Drampa\n|-supereffective|p2b: Drampa|1\n|-crit|p2b: Drampa\n|-damage|p2b: Drampa|0 fnt\n|faint|p2b: Drampa\n|\n|win|disciple of blahaj\n|raw|disciple of blahaj's rating: 1258 &rarr; <strong>1277</strong><br />(+19 for winning)\n|raw|proninjagamin0's rating: 1179 &rarr; <strong>1160</strong><br />(-19 for losing)\n",
  "uploadtime": 1776557024,
  "views": 14,
  "formatid": "gen9championsvgc2026regma",
  "rating": 1160,
  "private": 0,
  "password": null
}