{
  "id": "gen9championsvgc2026regma-2581384875",
  "format": "[Gen 9 Champions] VGC 2026 Reg M-A",
  "players": [
    "soulo333",
    "sylent knight"
  ],
  "log": "|j|\u2606soulo333\n|j|\u2606sylent knight\n|t:|1775994624\n|gametype|doubles\n|player|p1|soulo333|2|1153\n|player|p2|sylent knight|102|1208\n|gen|9\n|tier|[Gen 9 Champions] VGC 2026 Reg M-A\n|rated|\n|rule|Species Clause: Limit one of each Pok\u00e9mon\n|rule|Item Clause: Limit 1 of each item\n|clearpoke\n|poke|p1|Charizard, L50, F|\n|poke|p1|Kingambit, L50, F|\n|poke|p1|Rotom-Wash, L50|\n|poke|p1|Sinistcha, L50|\n|poke|p1|Ninetales-Alola, L50, F|\n|poke|p1|Sneasler, L50, F|\n|poke|p2|Palafin, L50, M|\n|poke|p2|Araquanid, L50, M|\n|poke|p2|Glaceon, L50, F|\n|poke|p2|Aurorus, L50, M|\n|poke|p2|Crabominable, L50, M|\n|poke|p2|Armarouge, L50, F|\n|teampreview|4\n|inactive|Battle timer is ON: inactive players will automatically lose when time's up. (requested by sylent knight)\n|\n|t:|1775994645\n|teamsize|p1|4\n|teamsize|p2|4\n|start\n|switch|p1a: Charizard|Charizard, L50, F|100/100\n|switch|p1b: Kingambit|Kingambit, L50, F|100/100\n|switch|p2a: Armarouge|Armarouge, L50, F|100/100\n|switch|p2b: Aurorus|Aurorus, L50, M|100/100\n|-weather|Snowscape|[from] ability: Snow Warning|[of] p2b: Aurorus\n|turn|1\n|\n|t:|1775994660\n|detailschange|p1a: Charizard|Charizard-Mega-X, L50, F\n|-mega|p1a: Charizard|Charizard|Charizardite X\n|move|p1a: Charizard|Dragon Dance|p1a: Charizard\n|-boost|p1a: Charizard|atk|1\n|-boost|p1a: Charizard|spe|1\n|move|p2b: Aurorus|Earth Power|p1b: Kingambit\n|-supereffective|p1b: Kingambit|1\n|-damage|p1b: Kingambit|49/100\n|move|p1b: Kingambit|Iron Head|p2b: Aurorus\n|-supereffective|p2b: Aurorus|2\n|-damage|p2b: Aurorus|0 fnt\n|faint|p2b: Aurorus\n|move|p2a: Armarouge|Trick Room|p2a: Armarouge\n|-fieldstart|move: Trick Room|[of] p2a: Armarouge\n|\n|-weather|Snowscape|[upkeep]\n|upkeep\n|\n|t:|1775994673\n|switch|p2b: Glaceon|Glaceon, L50, F|100/100\n|turn|2\n|\n|t:|1775994679\n|move|p1b: Kingambit|Sucker Punch|p2a: Armarouge\n|-supereffective|p2a: Armarouge|1\n|-damage|p2a: Armarouge|46/100\n|move|p2a: Armarouge|Armor Cannon|p1b: Kingambit\n|-supereffective|p1b: Kingambit|1\n|-damage|p1b: Kingambit|0 fnt\n|-unboost|p2a: Armarouge|def|1\n|-unboost|p2a: Armarouge|spd|1\n|faint|p1b: Kingambit\n|move|p2b: Glaceon|Blizzard|p1a: Charizard\n|-damage|p1a: Charizard|29/100\n|move|p1a: Charizard|Flare Blitz|p2b: Glaceon\n|-supereffective|p2b: Glaceon|1\n|-damage|p2b: Glaceon|0 fnt\n|faint|p2b: Glaceon\n|-damage|p1a: Charizard|0 fnt|[from] Recoil\n|faint|p1a: Charizard\n|\n|-weather|Snowscape|[upkeep]\n|upkeep\n|\n|t:|1775994693\n|switch|p1b: Sinistcha|Sinistcha, L50|100/100\n|switch|p2b: Araquanid|Araquanid, L50, M|100/100\n|switch|p1a: Sneasler|Sneasler, L50, F|100/100\n|turn|3\n|\n|t:|1775994702\n|move|p1a: Sneasler|Fake Out|p2a: Armarouge\n|-damage|p2a: Armarouge|30/100\n|move|p2b: Araquanid|Liquidation|p1a: Sneasler\n|-damage|p1a: Sneasler|0 fnt\n|faint|p1a: Sneasler\n|cant|p2a: Armarouge|flinch\n|move|p1b: Sinistcha|Trick Room|p1b: Sinistcha\n|-fieldend|move: Trick Room\n|\n|-weather|Snowscape|[upkeep]\n|upkeep\n|turn|4\n|\n|t:|1775994720\n|move|p1b: Sinistcha|Matcha Gotcha|p2a: Armarouge|[spread] p2a,p2b\n|-resisted|p2a: Armarouge|1\n|-damage|p2a: Armarouge|8/100\n|-damage|p2b: Araquanid|79/100\n|move|p2a: Armarouge|Armor Cannon|p1b: Sinistcha\n|-supereffective|p1b: Sinistcha|1\n|-damage|p1b: Sinistcha|0 fnt\n|-unboost|p2a: Armarouge|def|1\n|-unboost|p2a: Armarouge|spd|1\n|faint|p1b: Sinistcha\n|\n|win|sylent knight\n|raw|soulo333's rating: 1153 &rarr; <strong>1132</strong><br />(-21 for losing)\n|raw|sylent knight's rating: 1208 &rarr; <strong>1229</strong><br />(+21 for winning)\n",
  "uploadtime": 1775994720,
  "views": 18,
  "formatid": "gen9championsvgc2026regma",
  "rating": 1132,
  "private": 0,
  "password": null
}