{
  "id": "gen9championsvgc2026regma-2587828649",
  "format": "[Gen 9 Champions] VGC 2026 Reg M-A",
  "players": [
    "radioiamp",
    "W0kMeDed"
  ],
  "log": "|j|\u2606radioiamp\n|j|\u2606W0kMeDed\n|t:|1776568206\n|gametype|doubles\n|player|p1|radioiamp|170|1457\n|player|p2|W0kMeDed|palmer|1484\n|gen|9\n|tier|[Gen 9 Champions] VGC 2026 Reg M-A\n|rated|\n|rule|Species Clause: Limit one of each Pok\u00e9mon\n|rule|Item Clause: Limit 1 of each item\n|clearpoke\n|poke|p1|Golurk, L50|\n|poke|p1|Sneasler, L50, M|\n|poke|p1|Venusaur, L50, M|\n|poke|p1|Torkoal, L50, M|\n|poke|p1|Farigiraf, L50, F|\n|poke|p1|Kleavor, L50, M|\n|poke|p2|Hawlucha, L50, M|\n|poke|p2|Salazzle, L50, F, shiny|\n|poke|p2|Hydreigon, L50, M|\n|poke|p2|Rotom-Wash, L50|\n|poke|p2|Aegislash, L50, M, shiny|\n|poke|p2|Sinistcha, L50|\n|teampreview|4\n|\n|t:|1776568297\n|teamsize|p1|4\n|teamsize|p2|4\n|start\n|switch|p1a: Sneasler|Sneasler, L50, M|100/100\n|switch|p1b: Kleavor|Kleavor, L50, M|100/100\n|switch|p2a: BOOYAKA|Hawlucha, L50, M|100/100\n|switch|p2b: Elgee|Rotom-Wash, L50|100/100\n|turn|1\n|\n|t:|1776568319\n|move|p2a: BOOYAKA|Detect|p2a: BOOYAKA\n|-singleturn|p2a: BOOYAKA|Protect\n|move|p1a: Sneasler|Fake Out|p2b: Elgee\n|-damage|p2b: Elgee|83/100\n|move|p1b: Kleavor|Stone Axe|p2b: Elgee\n|-damage|p2b: Elgee|19/100\n|-sidestart|p2: W0kMeDed|move: Stealth Rock\n|cant|p2b: Elgee|flinch\n|\n|upkeep\n|turn|2\n|\n|t:|1776568342\n|detailschange|p2a: BOOYAKA|Hawlucha-Mega, L50, M\n|-mega|p2a: BOOYAKA|Hawlucha|Hawluchanite\n|move|p1b: Kleavor|Stone Axe|p2a: BOOYAKA\n|-damage|p2a: BOOYAKA|45/100\n|move|p2b: Elgee|Hydro Pump|p1b: Kleavor|[miss]\n|-miss|p2b: Elgee|p1b: Kleavor\n|move|p1a: Sneasler|Close Combat|p2b: Elgee\n|-crit|p2b: Elgee\n|-damage|p2b: Elgee|0 fnt\n|-unboost|p1a: Sneasler|def|1\n|-unboost|p1a: Sneasler|spd|1\n|faint|p2b: Elgee\n|move|p2a: BOOYAKA|Dual Wingbeat|p1a: Sneasler\n|-supereffective|p1a: Sneasler|1\n|-enditem|p1a: Sneasler|Focus Sash\n|-damage|p1a: Sneasler|1/100\n|-supereffective|p1a: Sneasler|1\n|-damage|p1a: Sneasler|0 fnt\n|faint|p1a: Sneasler\n|-hitcount|p1: Sneasler|2\n|\n|upkeep\n|\n|t:|1776568363\n|switch|p1a: Venusaur|Venusaur, L50, M|100/100\n|switch|p2b: Hexcalibur|Aegislash, L50, M, shiny|100/100\n|-damage|p2b: Hexcalibur|94/100|[from] Stealth Rock\n|turn|3\n|\n|t:|1776568372\n|detailschange|p1a: Venusaur|Venusaur-Mega, L50, M\n|-mega|p1a: Venusaur|Venusaur|Venusaurite\n|move|p2a: BOOYAKA|Detect|p2a: BOOYAKA\n|-singleturn|p2a: BOOYAKA|Protect\n|move|p1b: Kleavor|Stone Axe|p2a: BOOYAKA\n|-activate|p2a: BOOYAKA|move: Protect\n|move|p1a: Venusaur|Sleep Powder|p2b: Hexcalibur\n|-status|p2b: Hexcalibur|slp|[from] move: Sleep Powder\n|cant|p2b: Hexcalibur|slp\n|\n|upkeep\n|turn|4\n|j| sammap\n|-message|W0kMeDed forfeited.\n|\n|win|radioiamp\n|raw|radioiamp's rating: 1457 &rarr; <strong>1479</strong><br />(+22 for winning)\n|raw|W0kMeDed's rating: 1484 &rarr; <strong>1462</strong><br />(-22 for losing)\n|l|\u2606W0kMeDed\n|player|p2|\n",
  "uploadtime": 1776568419,
  "views": 18,
  "formatid": "gen9championsvgc2026regma",
  "rating": 1462,
  "private": 0,
  "password": null
}