{
  "id": "gen9championsvgc2026regma-2586724149",
  "format": "[Gen 9 Champions] VGC 2026 Reg M-A",
  "players": [
    "jerry_g13",
    "wolffizin"
  ],
  "log": "|j|\u2606jerry_g13\n|j|\u2606wolffizin\n|t:|1776454976\n|gametype|doubles\n|player|p1|jerry_g13|leon|1126\n|player|p2|wolffizin|n|1083\n|gen|9\n|tier|[Gen 9 Champions] VGC 2026 Reg M-A\n|rated|\n|rule|Species Clause: Limit one of each Pok\u00e9mon\n|rule|Item Clause: Limit 1 of each item\n|clearpoke\n|poke|p1|Meganium, L50, F|\n|poke|p1|Incineroar, L50, M|\n|poke|p1|Politoed, L50, M|\n|poke|p1|Basculegion, L50, M|\n|poke|p1|Archaludon, L50, M|\n|poke|p1|Whimsicott, L50, M|\n|poke|p2|Sneasler, L50, M|\n|poke|p2|Meowscarada, L50, F|\n|poke|p2|Talonflame, L50, F|\n|poke|p2|Primarina, L50, F|\n|poke|p2|Kingambit, L50, M|\n|poke|p2|Garchomp, L50, M|\n|teampreview|4\n|\n|t:|1776454998\n|teamsize|p1|4\n|teamsize|p2|4\n|start\n|switch|p1a: Florzuda|Meganium, L50, F|100/100\n|switch|p1b: Algodudo|Whimsicott, L50, M, shiny|100/100\n|switch|p2a: Miau miau|Meowscarada, L50, F|100/100\n|switch|p2b: Soca gostoso|Sneasler, L50, M|100/100\n|turn|1\n|\n|t:|1776455023\n|detailschange|p1a: Florzuda|Meganium-Mega, L50, F\n|-mega|p1a: Florzuda|Meganium|Meganiumite\n|move|p1b: Algodudo|Tailwind|p1b: Algodudo\n|-sidestart|p1: jerry_g13|move: Tailwind\n|move|p1a: Florzuda|Weather Ball|p2b: Soca gostoso\n|-damage|p2b: Soca gostoso|30/100\n|move|p2a: Miau miau|U-turn|p1a: Florzuda\n|-start|p2a: Miau miau|typechange|Bug|[from] ability: Protean\n|-crit|p1a: Florzuda\n|-damage|p1a: Florzuda|44/100\n|\n|t:|1776455037\n|switch|p2a: Xadrez|Kingambit, L50, M|100/100|[from] U-turn\n|move|p2b: Soca gostoso|Dire Claw|p1b: Algodudo\n|-supereffective|p1b: Algodudo|2\n|-enditem|p1b: Algodudo|Focus Sash\n|-damage|p1b: Algodudo|1/100\n|\n|upkeep\n|turn|2\n|\n|t:|1776455056\n|move|p1b: Algodudo|Endeavor|p2a: Xadrez\n|-damage|p2a: Xadrez|1/100\n|move|p1a: Florzuda|Dazzling Gleam|p2b: Soca gostoso|[spread] p2a,p2b\n|-damage|p2a: Xadrez|0 fnt\n|-damage|p2b: Soca gostoso|0 fnt\n|faint|p2a: Xadrez\n|faint|p2b: Soca gostoso\n|\n|upkeep\n|\n|t:|1776455066\n|switch|p2b: Miau miau|Meowscarada, L50, F|100/100\n|switch|p2a: Foca|Primarina, L50, F|100/100\n|turn|3\n|\n|t:|1776455077\n|move|p1b: Algodudo|Endeavor|p2b: Miau miau\n|-damage|p2b: Miau miau|1/100\n|move|p1a: Florzuda|Weather Ball|p2b: Miau miau\n|-supereffective|p2b: Miau miau|1\n|-damage|p2b: Miau miau|0 fnt\n|faint|p2b: Miau miau\n|move|p2a: Foca|Icy Wind|p1a: Florzuda|[spread] p1a,p1b\n|-supereffective|p1a: Florzuda|1\n|-supereffective|p1b: Algodudo|1\n|-damage|p1a: Florzuda|16/100\n|-damage|p1b: Algodudo|0 fnt\n|-unboost|p1a: Florzuda|spe|1\n|faint|p1b: Algodudo\n|\n|upkeep\n|\n|t:|1776455090\n|switch|p1b: P\u00e9zudo|Politoed, L50, M, shiny|100/100\n|-weather|RainDance|[from] ability: Drizzle|[of] p1b: P\u00e9zudo\n|turn|4\n|\n|t:|1776455101\n|move|p1a: Florzuda|Solar Beam||[still]\n|-prepare|p1a: Florzuda|Solar Beam\n|-activate|p1a: Florzuda|ability: Mega Sol\n|-anim|p1a: Florzuda|Solar Beam|p2a: Foca\n|-supereffective|p2a: Foca|1\n|-damage|p2a: Foca|0 fnt\n|faint|p2a: Foca\n|\n|win|jerry_g13\n|raw|jerry_g13's rating: 1126 &rarr; <strong>1148</strong><br />(+22 for winning)\n|raw|wolffizin's rating: 1083 &rarr; <strong>1063</strong><br />(-20 for losing)\n",
  "uploadtime": 1776455110,
  "views": 27,
  "formatid": "gen9championsvgc2026regma",
  "rating": 1063,
  "private": 0,
  "password": null
}