{
  "id": "gen9championsvgc2026regma-2580420131",
  "format": "[Gen 9 Champions] VGC 2026 Reg M-A",
  "players": [
    "Rigel10",
    "hozesama"
  ],
  "log": "|j|\u2606Rigel10\n|j|\u2606hozesama\n|t:|1775893793\n|gametype|doubles\n|player|p1|Rigel10|102|1090\n|player|p2|hozesama|cynthia-masters4|1124\n|gen|9\n|tier|[Gen 9 Champions] VGC 2026 Reg M-A\n|rated|\n|rule|Species Clause: Limit one of each Pok\u00e9mon\n|rule|Item Clause: Limit 1 of each item\n|clearpoke\n|poke|p1|Gengar, L50, F|\n|poke|p1|Incineroar, L50, M|\n|poke|p1|Politoed, L50, M|\n|poke|p1|Sinistcha, L50|\n|poke|p1|Maushold-Four, L50|\n|poke|p1|Archaludon, L50, F|\n|poke|p2|Gyarados, L50, F|\n|poke|p2|Venusaur, L50, M|\n|poke|p2|Sneasler, L50, M|\n|poke|p2|Kingambit, L50, F|\n|poke|p2|Basculegion, L50, M|\n|poke|p2|Gliscor, L50, F|\n|teampreview|4\nhozesama rejected open team sheets.\n|inactive|Battle timer is ON: inactive players will automatically lose when time's up. (requested by hozesama)\n|\n|t:|1775893843\n|teamsize|p1|4\n|teamsize|p2|4\n|start\n|switch|p1a: Gengar|Gengar, L50, F, shiny|100/100\n|switch|p1b: Maushold|Maushold-Four, L50|100/100\n|switch|p2a: Venusaur|Venusaur, L50, M|100/100\n|switch|p2b: Basculegion|Basculegion, L50, M|100/100\n|turn|1\n|inactive|Rigel10 has 30 seconds left.\n|\n|t:|1775893879\n|detailschange|p1a: Gengar|Gengar-Mega, L50, F, shiny\n|-mega|p1a: Gengar|Gengar|Gengarite\n|move|p1b: Maushold|Follow Me|p1b: Maushold\n|-singleturn|p1b: Maushold|move: Follow Me\n|move|p2b: Basculegion|Flip Turn|p1b: Maushold\n|-damage|p1b: Maushold|53/100\n|\n|t:|1775893886\n|switch|p2b: Kingambit|Kingambit, L50, F|100/100|[from] Flip Turn\n|move|p1a: Gengar|Shadow Ball|p2b: Kingambit\n|-resisted|p2b: Kingambit|1\n|-damage|p2b: Kingambit|76/100\n|move|p2a: Venusaur|Earth Power|p1b: Maushold\n|-damage|p1b: Maushold|19/100\n|\n|upkeep\n|turn|2\n|\n|t:|1775893913\n|detailschange|p2a: Venusaur|Venusaur-Mega, L50, M\n|-mega|p2a: Venusaur|Venusaur|Venusaurite\n|move|p1b: Maushold|Follow Me|p1b: Maushold\n|-singleturn|p1b: Maushold|move: Follow Me\n|move|p1a: Gengar|Perish Song|p1a: Gengar\n|-start|p1a: Gengar|perish3|[silent]\n|-start|p1b: Maushold|perish3|[silent]\n|-start|p2a: Venusaur|perish3|[silent]\n|-start|p2b: Kingambit|perish3|[silent]\n|-fieldactivate|move: Perish Song\n|move|p2a: Venusaur|Earth Power|p1b: Maushold\n|-damage|p1b: Maushold|0 fnt\n|faint|p1b: Maushold\n|move|p2b: Kingambit|Kowtow Cleave|p1a: Gengar\n|-supereffective|p1a: Gengar|1\n|-damage|p1a: Gengar|0 fnt\n|faint|p1a: Gengar\n|\n|-start|p2a: Venusaur|perish3\n|-start|p2b: Kingambit|perish3\n|upkeep\n|-message|Rigel10 forfeited.\n|\n|win|hozesama\n|raw|Rigel10's rating: 1090 &rarr; <strong>1069</strong><br />(-21 for losing)\n|raw|hozesama's rating: 1124 &rarr; <strong>1147</strong><br />(+23 for winning)\n|l|\u2606Rigel10\n|player|p1|\n",
  "uploadtime": 1775893929,
  "views": 13,
  "formatid": "gen9championsvgc2026regma",
  "rating": 1069,
  "private": 0,
  "password": null
}