{
  "id": "gen9championsvgc2026regma-2586005688",
  "format": "[Gen 9 Champions] VGC 2026 Reg M-A",
  "players": [
    "catball 1500",
    "mmmaaattt"
  ],
  "log": "|j|\u2606catball 1500\n|j|\u2606mmmaaattt\n|t:|1776389539\n|gametype|doubles\n|player|p1|catball 1500|roughneck|1152\n|player|p2|mmmaaattt|169|1126\n|gen|9\n|tier|[Gen 9 Champions] VGC 2026 Reg M-A\n|rated|\n|rule|Species Clause: Limit one of each Pok\u00e9mon\n|rule|Item Clause: Limit 1 of each item\n|clearpoke\n|poke|p1|Orthworm, L50, M|\n|poke|p1|Garchomp, L50, M|\n|poke|p1|Farigiraf, L50, M|\n|poke|p1|Sinistcha, L50|\n|poke|p1|Floette-Eternal, L50, F|\n|poke|p1|Rotom-Wash, L50|\n|poke|p2|Froslass, L50, F|\n|poke|p2|Incineroar, L50, M|\n|poke|p2|Orthworm, L50, F|\n|poke|p2|Garchomp, L50, M|\n|poke|p2|Basculegion, L50, M|\n|poke|p2|Rotom-Frost, L50|\n|teampreview|4\n|inactive|Battle timer is ON: inactive players will automatically lose when time's up. (requested by catball 1500)\ncatball 1500 has agreed to open team sheets.\n|\n|t:|1776389556\n|teamsize|p1|4\n|teamsize|p2|4\n|start\n|switch|p1a: Orthworm|Orthworm, L50, M|100/100\n|switch|p1b: Garchomp|Garchomp, L50, M|100/100\n|switch|p2a: Incineroar|Incineroar, L50, M|100/100\n|switch|p2b: Mr. Chomps|Garchomp, L50, M|100/100\n|-ability|p2a: Incineroar|Intimidate|boost\n|-unboost|p1a: Orthworm|atk|1\n|-unboost|p1b: Garchomp|atk|1\n|turn|1\n|\n|t:|1776389573\n|move|p2a: Incineroar|Fake Out|p1b: Garchomp\n|-damage|p1b: Garchomp|87/100\n|-damage|p2a: Incineroar|88/100|[from] ability: Rough Skin|[of] p1b: Garchomp\n|move|p2b: Mr. Chomps|Dragon Claw|p1b: Garchomp\n|-supereffective|p1b: Garchomp|1\n|-damage|p1b: Garchomp|19/100\n|-damage|p2b: Mr. Chomps|88/100|[from] ability: Rough Skin|[of] p1b: Garchomp\n|cant|p1b: Garchomp|flinch\n|move|p1a: Orthworm|Body Press|p2a: Incineroar\n|-supereffective|p2a: Incineroar|1\n|-damage|p2a: Incineroar|22/100\n|\n|upkeep\n|turn|2\n|inactive|catball 1500 has 30 seconds left.\n|\n|t:|1776389607\n|move|p2b: Mr. Chomps|Protect|p2b: Mr. Chomps\n|-singleturn|p2b: Mr. Chomps|Protect\n|move|p1b: Garchomp|Earthquake|p2b: Mr. Chomps|[spread] p2a\n|-activate|p2b: Mr. Chomps|move: Protect\n|-immune|p1a: Orthworm|[from] ability: Earth Eater\n|-supereffective|p2a: Incineroar|1\n|-damage|p2a: Incineroar|0 fnt\n|faint|p2a: Incineroar\n|move|p1a: Orthworm|Shed Tail|p1a: Orthworm\n|-start|p1a: Orthworm|Substitute|[from] move: Shed Tail\n|-damage|p1a: Orthworm|50/100\n|-enditem|p1a: Orthworm|Sitrus Berry|[eat]\n|-heal|p1a: Orthworm|75/100|[from] item: Sitrus Berry\n|\n|t:|1776389610\n|switch|p1a: Floette|Floette-Eternal, L50, F|100/100|[from] Shed Tail\n|\n|upkeep\n|\n|t:|1776389626\n|switch|p2a: Rotom|Rotom-Frost, L50|100/100\n|turn|3\n|inactive|mmmaaattt has 30 seconds left.\n|\n|t:|1776389657\n|detailschange|p1a: Floette|Floette-Mega, L50, F\n|-mega|p1a: Floette|Floette|Floettite\n|-ability|p1a: Floette|Fairy Aura\n|move|p2b: Mr. Chomps|Dragon Claw|p1b: Garchomp\n|-supereffective|p1b: Garchomp|1\n|-damage|p1b: Garchomp|0 fnt\n|-damage|p2b: Mr. Chomps|76/100|[from] ability: Rough Skin|[of] p1b: Garchomp\n|faint|p1b: Garchomp\n|move|p2a: Rotom|Blizzard|p1a: Floette\n|-end|p1a: Floette|Substitute\n|move|p1a: Floette|Dazzling Gleam|p2a: Rotom|[spread] p2a,p2b\n|-supereffective|p2b: Mr. Chomps|1\n|-damage|p2a: Rotom|36/100\n|-damage|p2b: Mr. Chomps|0 fnt\n|faint|p2b: Mr. Chomps\n|\n|upkeep\n|\n|t:|1776389673\n|switch|p2b: Snowcone|Froslass, L50, F|100/100\n|switch|p1b: Orthworm|Orthworm, L50, M|75/100\n|turn|4\n|\n|t:|1776389691\n|detailschange|p2b: Snowcone|Froslass-Mega, L50, F\n|-mega|p2b: Snowcone|Froslass|Froslassite\n|-weather|Snowscape|[from] ability: Snow Warning|[of] p2b: Snowcone\n|move|p2b: Snowcone|Blizzard|p1b: Orthworm|[spread] p1a,p1b\n|-resisted|p1b: Orthworm|1\n|-damage|p1a: Floette|70/100\n|-damage|p1b: Orthworm|40/100\n|move|p2a: Rotom|Thunderbolt|p1a: Floette\n|-damage|p1a: Floette|42/100\n|move|p1a: Floette|Dazzling Gleam|p2a: Rotom|[spread] p2a,p2b\n|-damage|p2a: Rotom|0 fnt\n|-damage|p2b: Snowcone|45/100\n|faint|p2a: Rotom\n|move|p1b: Orthworm|Heavy Slam|p2b: Snowcone\n|-supereffective|p2b: Snowcone|1\n|-damage|p2b: Snowcone|0 fnt\n|faint|p2b: Snowcone\n|\n|win|catball 1500\n|raw|catball 1500's rating: 1152 &rarr; <strong>1175</strong><br />(+23 for winning)\n|raw|mmmaaattt's rating: 1126 &rarr; <strong>1103</strong><br />(-23 for losing)\n",
  "uploadtime": 1776389707,
  "views": 22,
  "formatid": "gen9championsvgc2026regma",
  "rating": 1103,
  "private": 0,
  "password": null
}