{
  "id": "gen9championsvgc2026regma-2585821397",
  "format": "[Gen 9 Champions] VGC 2026 Reg M-A",
  "players": [
    "mimupkmn",
    "Mentalsyndrome"
  ],
  "log": "|j|\u2606mimupkmn\n|j|\u2606Mentalsyndrome\n|t:|1776373140\n|gametype|doubles\n|player|p1|mimupkmn|ghetsis|1170\n|player|p2|Mentalsyndrome|2|1115\n|gen|9\n|tier|[Gen 9 Champions] VGC 2026 Reg M-A\n|rated|\n|rule|Species Clause: Limit one of each Pok\u00e9mon\n|rule|Item Clause: Limit 1 of each item\n|clearpoke\n|poke|p1|Pelipper, L50, F|\n|poke|p1|Archaludon, L50, F|\n|poke|p1|Incineroar, L50, F|\n|poke|p1|Starmie, L50|\n|poke|p1|Scizor, L50, F|\n|poke|p1|Sneasler, L50, M|\n|poke|p2|Tinkaton, L50, F|\n|poke|p2|Kangaskhan, L50, F|\n|poke|p2|Farigiraf, L50, F|\n|poke|p2|Camerupt, L50, F|\n|poke|p2|Gardevoir, L50, F|\n|poke|p2|Conkeldurr, L50, F|\n|teampreview|4\n|inactive|Battle timer is ON: inactive players will automatically lose when time's up. (requested by Mentalsyndrome)\n|inactive|mimupkmn has 60 seconds left.\n|inactive|Mentalsyndrome has 60 seconds left.\n|\n|t:|1776373184\n|teamsize|p1|4\n|teamsize|p2|4\n|start\n|switch|p1a: Pelipper|Pelipper, L50, F|100/100\n|switch|p1b: Starmie|Starmie, L50|100/100\n|switch|p2a: Kangaskhan|Kangaskhan, L50, F|100/100\n|switch|p2b: Farigiraf|Farigiraf, L50, F|100/100\n|-weather|RainDance|[from] ability: Drizzle|[of] p1a: Pelipper\n|turn|1\n|\n|t:|1776373199\n|detailschange|p1b: Starmie|Starmie-Mega, L50\n|-mega|p1b: Starmie|Starmie|Starminite\n|move|p2a: Kangaskhan|Fake Out|p1b: Starmie\n|-damage|p1b: Starmie|74/100\n|cant|p1b: Starmie|flinch\n|move|p1a: Pelipper|Weather Ball|p2b: Farigiraf\n|-damage|p2b: Farigiraf|43/100\n|move|p2b: Farigiraf|Trick Room|p2b: Farigiraf\n|-fieldstart|move: Trick Room|[of] p2b: Farigiraf\n|\n|-weather|RainDance|[upkeep]\n|upkeep\n|turn|2\n|\n|t:|1776373224\n|move|p2b: Farigiraf|Thunderbolt|p1a: Pelipper\n|-supereffective|p1a: Pelipper|2\n|-enditem|p1a: Pelipper|Focus Sash\n|-damage|p1a: Pelipper|1/100\n|move|p1a: Pelipper|Weather Ball|p2b: Farigiraf\n|-damage|p2b: Farigiraf|0 fnt\n|faint|p2b: Farigiraf\n|move|p2a: Kangaskhan|Double-Edge|p1b: Starmie\n|-damage|p1b: Starmie|0 fnt\n|faint|p1b: Starmie\n|-damage|p2a: Kangaskhan|83/100|[from] Recoil\n|\n|-weather|RainDance|[upkeep]\n|upkeep\n|\n|t:|1776373237\n|switch|p2b: Camerupt|Camerupt, L50, F|100/100\n|switch|p1b: Incineroar|Incineroar, L50, F|100/100\n|-ability|p1b: Incineroar|Intimidate|boost\n|-fail|p2a: Kangaskhan|unboost|Attack|[from] ability: Scrappy|[of] p2a: Kangaskhan\n|-unboost|p2b: Camerupt|atk|1\n|turn|3\n|inactive|mimupkmn has 30 seconds left.\n|\n|t:|1776373267\n|move|p2b: Camerupt|Protect|p2b: Camerupt\n|-singleturn|p2b: Camerupt|Protect\n|move|p1b: Incineroar|Fake Out|p2a: Kangaskhan\n|-damage|p2a: Kangaskhan|73/100\n|cant|p2a: Kangaskhan|flinch\n|move|p1a: Pelipper|Weather Ball|p2b: Camerupt\n|-activate|p2b: Camerupt|move: Protect\n|\n|-weather|RainDance|[upkeep]\n|upkeep\n|turn|4\n|\n|t:|1776373279\n|detailschange|p2b: Camerupt|Camerupt-Mega, L50, F\n|-mega|p2b: Camerupt|Camerupt|Cameruptite\n|move|p2a: Kangaskhan|Sucker Punch|p1a: Pelipper\n|-damage|p1a: Pelipper|0 fnt\n|faint|p1a: Pelipper\n|move|p2b: Camerupt|Earth Power|p1b: Incineroar\n|-supereffective|p1b: Incineroar|1\n|-damage|p1b: Incineroar|0 fnt\n|faint|p1b: Incineroar\n|\n|-weather|RainDance|[upkeep]\n|upkeep\n|-message|mimupkmn forfeited.\n|\n|win|Mentalsyndrome\n|raw|mimupkmn's rating: 1170 &rarr; <strong>1141</strong><br />(-29 for losing)\n|raw|Mentalsyndrome's rating: 1115 &rarr; <strong>1144</strong><br />(+29 for winning)\n|l|\u2606mimupkmn\n|player|p1|\n",
  "uploadtime": 1776373304,
  "views": 21,
  "formatid": "gen9championsvgc2026regma",
  "rating": 1141,
  "private": 0,
  "password": null
}