{
  "id": "gen9championsvgc2026regma-2584814949",
  "format": "[Gen 9 Champions] VGC 2026 Reg M-A",
  "players": [
    "WaluigiVGC",
    "Ramiel1776"
  ],
  "log": "|j|\u2606WaluigiVGC\n|j|\u2606Ramiel1776\n|t:|1776285701\n|gametype|doubles\n|player|p1|WaluigiVGC|101|1216\n|player|p2|Ramiel1776|101|1121\n|gen|9\n|tier|[Gen 9 Champions] VGC 2026 Reg M-A\n|rated|\n|rule|Species Clause: Limit one of each Pok\u00e9mon\n|rule|Item Clause: Limit 1 of each item\n|clearpoke\n|poke|p1|Sneasler, L50, M|\n|poke|p1|Aerodactyl, L50, M|\n|poke|p1|Basculegion, L50, M|\n|poke|p1|Incineroar, L50, F|\n|poke|p1|Floette-Eternal, L50, F|\n|poke|p1|Sinistcha, L50|\n|poke|p2|Garchomp, L50, M|\n|poke|p2|Pelipper, L50, M|\n|poke|p2|Weavile, L50, F|\n|poke|p2|Scizor, L50, M|\n|poke|p2|Gallade, L50, M|\n|poke|p2|Archaludon, L50, M|\n|teampreview|4\n|inactive|Battle timer is ON: inactive players will automatically lose when time's up. (requested by WaluigiVGC)\n|inactive|Ramiel1776 has 60 seconds left.\n|inactive|Ramiel1776 has 30 seconds left.\n|\n|t:|1776285823\n|teamsize|p1|4\n|teamsize|p2|4\n|start\n|switch|p1a: Sneasler|Sneasler, L50, M|100/100\n|switch|p1b: Floette|Floette-Eternal, L50, F|100/100\n|switch|p2a: Weavile|Weavile, L50, F|100/100\n|switch|p2b: Archaludon|Archaludon, L50, M|100/100\n|-ability|p2a: Weavile|Pressure\n|turn|1\n|inactive|Ramiel1776 has 30 seconds left.\n|inactive|Ramiel1776 has 20 seconds left.\n|inactive|Ramiel1776 has 15 seconds left.\n|\n|t:|1776285864\n|move|p1a: Sneasler|Protect|p1a: Sneasler\n|-singleturn|p1a: Sneasler|Protect\n|move|p1b: Floette|Protect|p1b: Floette\n|-singleturn|p1b: Floette|Protect\n|move|p2a: Weavile|Fake Out|p1b: Floette\n|-activate|p1b: Floette|move: Protect\n|move|p2b: Archaludon|Flash Cannon|p1b: Floette\n|-activate|p1b: Floette|move: Protect\n|\n|upkeep\n|turn|2\n|inactive|Ramiel1776 has 30 seconds left.\n|\n|t:|1776285892\n|switch|p2b: Pelipper|Pelipper, L50, M|100/100\n|-weather|RainDance|[from] ability: Drizzle|[of] p2b: Pelipper\n|detailschange|p1b: Floette|Floette-Mega, L50, F\n|-mega|p1b: Floette|Floette|Floettite\n|-ability|p1b: Floette|Fairy Aura\n|move|p2a: Weavile|Taunt|p1b: Floette\n|-start|p1b: Floette|move: Taunt\n|move|p1a: Sneasler|Close Combat|p2b: Pelipper\n|-resisted|p2b: Pelipper|1\n|-damage|p2b: Pelipper|65/100\n|-unboost|p1a: Sneasler|def|1\n|-unboost|p1a: Sneasler|spd|1\n|-enditem|p1a: Sneasler|White Herb\n|-clearnegativeboost|p1a: Sneasler|[silent]\n|move|p1b: Floette|Dazzling Gleam|p2a: Weavile|[spread] p2a,p2b\n|-supereffective|p2a: Weavile|1\n|-enditem|p2a: Weavile|Focus Sash\n|-damage|p2a: Weavile|1/100\n|-damage|p2b: Pelipper|0 fnt\n|faint|p2b: Pelipper\n|\n|-weather|RainDance|[upkeep]\n|upkeep\n|-message|Ramiel1776 forfeited.\n|\n|win|WaluigiVGC\n|raw|WaluigiVGC's rating: 1216 &rarr; <strong>1234</strong><br />(+18 for winning)\n|raw|Ramiel1776's rating: 1121 &rarr; <strong>1103</strong><br />(-18 for losing)\n|l|\u2606Ramiel1776\n|player|p2|\n",
  "uploadtime": 1776285916,
  "views": 24,
  "formatid": "gen9championsvgc2026regma",
  "rating": 1103,
  "private": 0,
  "password": null
}