{
  "id": "gen9championsvgc2026regma-2582030786",
  "format": "[Gen 9 Champions] VGC 2026 Reg M-A",
  "players": [
    "clammer9",
    "speedwagon03"
  ],
  "log": "|j|\u2606clammer9\n|j|\u2606speedwagon03\n|t:|1776050039\n|gametype|doubles\n|player|p1|clammer9|101|1045\n|player|p2|speedwagon03|ethan|1111\n|gen|9\n|tier|[Gen 9 Champions] VGC 2026 Reg M-A\n|rated|\n|rule|Species Clause: Limit one of each Pok\u00e9mon\n|rule|Item Clause: Limit 1 of each item\n|clearpoke\n|poke|p1|Lucario, L50, M|\n|poke|p1|Incineroar, L50, F|\n|poke|p1|Dragapult, L50, M|\n|poke|p1|Goodra, L50, M|\n|poke|p2|Meganium, L50, M|\n|poke|p2|Basculegion, L50, M|\n|poke|p2|Ninetales-Alola, L50, M|\n|poke|p2|Milotic, L50, M|\n|poke|p2|Incineroar, L50, M|\n|poke|p2|Rotom-Frost, L50|\n|teampreview|4\nclammer9 has agreed to open team sheets.\n|j| Madra_Ropucha\nspeedwagon03 has agreed to open team sheets.\n|showteam|p1|Lucario||Lucarionite|Steadfast|AuraSphere,FlashCannon,VacuumWave,Detect|||M|||50|]Incineroar||SitrusBerry|Intimidate|FlareBlitz,PartingShot,WillOWisp,Taunt|||F|||50|]Dragapult||ColburBerry|ClearBody|DragonDarts,SuckerPunch,PhantomForce,Protect|||M|||50|]Goodra||RoseliBerry|Gooey|AcidSpray,SunnyDay,Flamethrower,Protect|||M|||50|\n|showteam|p2|Meganium||Meganiumite|Overgrow|SolarBeam,EarthPower,DazzlingGleam,Protect|||M|||50|]Basculegion||ChoiceScarf|Adaptability|AquaJet,WaveCrash,FlipTurn,LastRespects|||M|||50|]Ninetales-Alola||LumBerry|SnowWarning|Blizzard,AuroraVeil,DazzlingGleam,Protect|||M|||50|]Milotic||Leftovers|Competitive|MuddyWater,IcyWind,Coil,Protect|||M|||50|]Incineroar||SitrusBerry|Intimidate|FakeOut,PartingShot,FlareBlitz,DarkestLariat|||M|||50|]Rotom-Frost||FocusSash|Levitate|Blizzard,Thunderbolt,VoltSwitch,Protect||||||50|\n|\n|t:|1776050068\n|teamsize|p1|4\n|teamsize|p2|4\n|start\n|switch|p1a: Incineroar|Incineroar, L50, F|100/100\n|switch|p1b: Goodra|Goodra, L50, M|100/100\n|switch|p2a: Milotic|Milotic, L50, M|100/100\n|switch|p2b: Ninetales|Ninetales-Alola, L50, M|100/100\n|-weather|Snowscape|[from] ability: Snow Warning|[of] p2b: Ninetales\n|-ability|p1a: Incineroar|Intimidate|boost\n|-unboost|p2a: Milotic|atk|1\n|-ability|p2a: Milotic|Competitive|boost\n|-boost|p2a: Milotic|spa|2\n|-unboost|p2b: Ninetales|atk|1\n|turn|1\n|\n|t:|1776050110\n|move|p2b: Ninetales|Blizzard|p1b: Goodra|[spread] p1a,p1b\n|-resisted|p1a: Incineroar|1\n|-supereffective|p1b: Goodra|1\n|-damage|p1a: Incineroar|88/100\n|-damage|p1b: Goodra|70/100\n|move|p1b: Goodra|Sunny Day|p1b: Goodra\n|-weather|SunnyDay\n|move|p2a: Milotic|Muddy Water|p1a: Incineroar|[spread] p1a,p1b\n|-supereffective|p1a: Incineroar|1\n|-crit|p1a: Incineroar\n|-resisted|p1b: Goodra|1\n|-damage|p1a: Incineroar|13/100\n|-damage|p1b: Goodra|61/100\n|-unboost|p1b: Goodra|accuracy|1\n|-enditem|p1a: Incineroar|Sitrus Berry|[eat]\n|-heal|p1a: Incineroar|37/100|[from] item: Sitrus Berry\n|move|p1a: Incineroar|Flare Blitz|p2b: Ninetales\n|-supereffective|p2b: Ninetales|1\n|-damage|p2b: Ninetales|0 fnt\n|faint|p2b: Ninetales\n|-damage|p1a: Incineroar|10/100|[from] Recoil\n|\n|-weather|SunnyDay|[upkeep]\n|upkeep\n|\n|t:|1776050134\n|switch|p2b: Meganium|Meganium, L50, M|100/100\n|turn|2\n|\n|t:|1776050154\n|detailschange|p2b: Meganium|Meganium-Mega, L50, M\n|-mega|p2b: Meganium|Meganium|Meganiumite\n|move|p2b: Meganium|Dazzling Gleam|p1a: Incineroar|[spread] p1a,p1b\n|-supereffective|p1b: Goodra|1\n|-enditem|p1b: Goodra|Roseli Berry|[eat]\n|-enditem|p1b: Goodra|Roseli Berry|[weaken]\n|-damage|p1a: Incineroar|0 fnt\n|-damage|p1b: Goodra|41/100\n|faint|p1a: Incineroar\n|move|p1b: Goodra|Flamethrower|p2b: Meganium|[miss]\n|-miss|p1b: Goodra|p2b: Meganium\n|move|p2a: Milotic|Muddy Water|p1b: Goodra\n|-resisted|p1b: Goodra|1\n|-damage|p1b: Goodra|29/100\n|\n|-weather|SunnyDay|[upkeep]\n|upkeep\n|\n|t:|1776050173\n|switch|p1a: Lucario|Lucario, L50, M|100/100\n|turn|3\n|\n|t:|1776050209\n|move|p1a: Lucario|Aura Sphere|p2a: Milotic\n|-damage|p2a: Milotic|70/100\n|move|p2b: Meganium|Earth Power|p1a: Lucario\n|-supereffective|p1a: Lucario|1\n|-damage|p1a: Lucario|0 fnt\n|faint|p1a: Lucario\n|move|p1b: Goodra|Acid Spray|p2a: Milotic\n|-damage|p2a: Milotic|62/100\n|-unboost|p2a: Milotic|spd|2\n|-ability|p2a: Milotic|Competitive|boost\n|-boost|p2a: Milotic|spa|2\n|move|p2a: Milotic|Icy Wind|p1b: Goodra\n|-supereffective|p1b: Goodra|1\n|-damage|p1b: Goodra|0 fnt\n|faint|p1b: Goodra\n|\n|-weather|SunnyDay|[upkeep]\n|-heal|p2a: Milotic|67/100|[from] item: Leftovers\n|upkeep\n|c|\u2606clammer9|gg :d\n|\n|t:|1776050226\n|switch|p1b: Dragapult|Dragapult, L50, M|100/100\n|turn|4\n|\n|t:|1776050235\n|move|p1b: Dragapult|Dragon Darts|p2a: Milotic\n|-damage|p2a: Milotic|45/100\n|-anim|p1b: Dragapult|Dragon Darts|p2a: Milotic\n|-damage|p2a: Milotic|20/100\n|move|p2b: Meganium|Dazzling Gleam|p1b: Dragapult\n|-supereffective|p1b: Dragapult|1\n|-damage|p1b: Dragapult|0 fnt\n|faint|p1b: Dragapult\n|\n|win|speedwagon03\n|raw|clammer9's rating: 1045 &rarr; <strong>1031</strong><br />(-14 for losing)\n|raw|speedwagon03's rating: 1111 &rarr; <strong>1131</strong><br />(+20 for winning)\n",
  "uploadtime": 1776050245,
  "views": 8,
  "formatid": "gen9championsvgc2026regma",
  "rating": 1031,
  "private": 0,
  "password": null
}