{
  "id": "gen9championsvgc2026regma-2587772616",
  "format": "[Gen 9 Champions] VGC 2026 Reg M-A",
  "players": [
    "Wubba Dub Dub",
    "guillehue"
  ],
  "log": "|j|\u2606Wubba Dub Dub\n|j|\u2606guillehue\n|t:|1776562483\n|gametype|doubles\n|player|p1|Wubba Dub Dub|n|1420\n|player|p2|guillehue|n|1451\n|gen|9\n|tier|[Gen 9 Champions] VGC 2026 Reg M-A\n|rated|\n|rule|Species Clause: Limit one of each Pok\u00e9mon\n|rule|Item Clause: Limit 1 of each item\n|clearpoke\n|poke|p1|Sinistcha, L50|\n|poke|p1|Gardevoir, L50, M|\n|poke|p1|Kingambit, L50, M|\n|poke|p1|Palafin, L50, F|\n|poke|p1|Sneasler, L50, M|\n|poke|p1|Rotom-Heat, L50|\n|poke|p2|Meganium, L50, F|\n|poke|p2|Dragonite, L50, M, shiny|\n|poke|p2|Basculegion, L50, M|\n|poke|p2|Sneasler, L50, M|\n|poke|p2|Kingambit, L50, M|\n|poke|p2|Politoed, L50, F|\n|teampreview|4\n|j| im a therian\n|inactive|Battle timer is ON: inactive players will automatically lose when time's up. (requested by guillehue)\n|inactive|Wubba Dub Dub has 60 seconds left.\n|\n|t:|1776562554\n|teamsize|p1|4\n|teamsize|p2|4\n|start\n|switch|p1a: Rotom|Rotom-Heat, L50|100/100\n|switch|p1b: Sneasler|Sneasler, L50, M|100/100\n|switch|p2a: Basculegion|Basculegion, L50, M|100/100\n|switch|p2b: Politoed|Politoed, L50, F|100/100\n|-weather|RainDance|[from] ability: Drizzle|[of] p2b: Politoed\n|turn|1\n|j| ZaEric\n|inactive|Wubba Dub Dub has 30 seconds left.\n|inactive|guillehue has 30 seconds left.\n|inactive|Wubba Dub Dub has 20 seconds left.\n|inactive|Wubba Dub Dub has 15 seconds left.\n|inactive|Wubba Dub Dub has 10 seconds left.\n|inactive|Wubba Dub Dub has 5 seconds left.\n|\n|t:|1776562605\n|move|p1b: Sneasler|Fake Out|p2b: Politoed\n|-damage|p2b: Politoed|86/100\n|-status|p2b: Politoed|psn|[from] ability: Poison Touch|[of] p1b: Sneasler\n|move|p1a: Rotom|Thunderbolt|p2a: Basculegion\n|-supereffective|p2a: Basculegion|1\n|-damage|p2a: Basculegion|8/100\n|move|p2a: Basculegion|Flip Turn|p1b: Sneasler\n|-damage|p1b: Sneasler|6/100\n|\n|t:|1776562617\n|switch|p2a: Meganium|Meganium, L50, F|100/100|[from] Flip Turn\n|cant|p2b: Politoed|flinch\n|\n|-weather|RainDance|[upkeep]\n|-damage|p2b: Politoed|73/100 psn|[from] psn\n|upkeep\n|turn|2\n|j| AMDGBananaBen\n|l| AMDGBananaBen\n|\n|t:|1776562630\n|detailschange|p2a: Meganium|Meganium-Mega, L50, F\n|-mega|p2a: Meganium|Meganium|Meganiumite\n|move|p2a: Meganium|Protect|p2a: Meganium\n|-singleturn|p2a: Meganium|Protect\n|move|p1a: Rotom|Thunderbolt|p2b: Politoed\n|-supereffective|p2b: Politoed|1\n|-damage|p2b: Politoed|0 fnt\n|faint|p2b: Politoed\n|move|p1b: Sneasler|Dire Claw|p2a: Meganium\n|-activate|p2a: Meganium|move: Protect\n|\n|-weather|RainDance|[upkeep]\n|upkeep\n|\n|t:|1776562644\n|switch|p2b: Sneasler|Sneasler, L50, M|100/100\n|turn|3\n|inactive|Wubba Dub Dub has 30 seconds left.\n|inactive|Wubba Dub Dub has 20 seconds left.\n|inactive|Wubba Dub Dub has 15 seconds left.\n|inactive|Wubba Dub Dub has 10 seconds left.\n|l| ZaEric\n|inactive|Wubba Dub Dub has 5 seconds left.\n|j| ZaEric\n|inactive|guillehue has 30 seconds left.\n|\n|t:|1776562700\n|move|p1a: Rotom|Thunderbolt|p2b: Sneasler\n|-damage|p2b: Sneasler|41/100\n|move|p1b: Sneasler|Dire Claw|p2a: Meganium\n|-supereffective|p2a: Meganium|2\n|-damage|p2a: Meganium|0 fnt\n|faint|p2a: Meganium\n|move|p2b: Sneasler|Close Combat|p1a: Rotom\n|-damage|p1a: Rotom|11/100\n|-unboost|p2b: Sneasler|def|1\n|-unboost|p2b: Sneasler|spd|1\n|\n|-weather|RainDance|[upkeep]\n|upkeep\n|-message|guillehue forfeited.\n|\n|win|Wubba Dub Dub\n|raw|Wubba Dub Dub's rating: 1420 &rarr; <strong>1442</strong><br />(+22 for winning)\n|raw|guillehue's rating: 1451 &rarr; <strong>1429</strong><br />(-22 for losing)\n|l|\u2606guillehue\n|player|p2|\n|l| im a therian\n",
  "uploadtime": 1776562715,
  "views": 16,
  "formatid": "gen9championsvgc2026regma",
  "rating": 1429,
  "private": 0,
  "password": null
}