{
  "id": "gen9championsvgc2026regma-2581921623",
  "format": "[Gen 9 Champions] VGC 2026 Reg M-A",
  "players": [
    "Gordon Gambley",
    "Rigbert"
  ],
  "log": "|j|\u2606Gordon Gambley\n|j|\u2606Rigbert\n|html|<table width=\"100%\"><tr><td align=\"left\">Gordon Gambley</td><td align=\"right\">Rigbert</tr><tr><td align=\"left\"><i class=\"fa fa-circle-o\"></i> <i class=\"fa fa-circle-o\"></i> </td><td align=\"right\"><i class=\"fa fa-circle-o\"></i> <i class=\"fa fa-circle-o\"></i> </tr></table>\n|uhtml|bestof|<h2><strong>Game 1</strong> of <a href=\"/game-bestof3-gen9championsvgc2026regma-2581921622\">a best-of-3</a></h2>\n|t:|1776039954\n|gametype|doubles\n|player|p1|Gordon Gambley|gambler|\n|player|p2|Rigbert|1|\n|gen|9\n|tier|[Gen 9 Champions] VGC 2026 Reg M-A\n|rated|Tournament battle\n|rule|Species Clause: Limit one of each Pok\u00e9mon\n|rule|Item Clause: Limit 1 of each item\n|raw|<div class=\"infobox\"><details class=\"readmore\" open><summary><strong>2 custom rules:</strong></summary> Force Open Team Sheets, Best of = 3</details></div>\n|clearpoke\n|poke|p1|Scizor, L50, F|\n|poke|p1|Basculegion, L50, M|\n|poke|p1|Dragonite, L50, M|\n|poke|p1|Sneasler, L50, F|\n|poke|p1|Incineroar, L50, F|\n|poke|p1|Politoed, L50, F|\n|poke|p2|Charizard, L50, F|\n|poke|p2|Sneasler, L50, M|\n|poke|p2|Farigiraf, L50, F|\n|poke|p2|Incineroar, L50, F|\n|poke|p2|Garchomp, L50, M|\n|poke|p2|Kingambit, L50, F|\n|teampreview|4\n|showteam|p1|Scizor||Scizorite|Technician|BulletPunch,BugBite,SwordsDance,Protect|||F|||50|]Basculegion||ChoiceScarf|SwiftSwim|WaveCrash,LastRespects,FlipTurn,AquaJet|||M|||50|]Dragonite||LumBerry|Multiscale|DragonClaw,ExtremeSpeed,AerialAce,Protect|||M|||50|]Sneasler||WhiteHerb|Unburden|FakeOut,CloseCombat,DireClaw,Protect|||F|||50|]Incineroar||SitrusBerry|Intimidate|FlareBlitz,PartingShot,FakeOut,DarkestLariat|||F|||50|]Politoed||Leftovers|Drizzle|WeatherBall,Encore,IcyWind,Protect|||F|||50|\n|showteam|p2|Charizard||CharizarditeY|Blaze|WeatherBall,HeatWave,SolarBeam,Protect|||F|||50|]Sneasler||WhiteHerb|Unburden|FakeOut,DireClaw,CloseCombat,Protect|||M|||50|]Farigiraf||SitrusBerry|ArmorTail|HyperVoice,Psychic,TrickRoom,Imprison|||F|||50|]Incineroar||ShucaBerry|Intimidate|FlareBlitz,DarkestLariat,FakeOut,PartingShot|||F|||50|]Garchomp||ChoiceScarf|RoughSkin|DragonClaw,Earthquake,StompingTantrum,RockSlide|||M|||50|]Kingambit||BlackGlasses|Defiant|SuckerPunch,KowtowCleave,IronHead,Protect|||F|||50|\n|inactive|Battle timer is ON: inactive players will automatically lose when time's up. (requested by Rigbert)\n|inactive|Rigbert has 60 seconds left.\n|\n|t:|1776039994\n|teamsize|p1|4\n|teamsize|p2|4\n|start\n|switch|p1a: Dragonite|Dragonite, L50, M|100/100\n|switch|p1b: Basculegion|Basculegion, L50, M|100/100\n|switch|p2a: Charizard|Charizard, L50, F|100/100\n|switch|p2b: Kingambit|Kingambit, L50, F|100/100\n|turn|1\n|\n|t:|1776040015\n|switch|p1b: Politoed|Politoed, L50, F|100/100\n|-weather|RainDance|[from] ability: Drizzle|[of] p1b: Politoed\n|detailschange|p2a: Charizard|Charizard-Mega-Y, L50, F\n|-mega|p2a: Charizard|Charizard|Charizardite Y\n|-weather|SunnyDay|[from] ability: Drought|[of] p2a: Charizard\n|move|p2a: Charizard|Protect|p2a: Charizard\n|-singleturn|p2a: Charizard|Protect\n|move|p1a: Dragonite|Dragon Claw|p2a: Charizard\n|-activate|p2a: Charizard|move: Protect\n|move|p2b: Kingambit|Kowtow Cleave|p1b: Politoed\n|-damage|p1b: Politoed|49/100\n|\n|-weather|SunnyDay|[upkeep]\n|-heal|p1b: Politoed|55/100|[from] item: Leftovers\n|upkeep\n|turn|2\n|inactive|Rigbert has 30 seconds left.\n|\n|t:|1776040044\n|move|p2a: Charizard|Solar Beam||[still]\n|-prepare|p2a: Charizard|Solar Beam\n|-anim|p2a: Charizard|Solar Beam|p1b: Politoed\n|-supereffective|p1b: Politoed|1\n|-damage|p1b: Politoed|0 fnt\n|faint|p1b: Politoed\n|move|p1a: Dragonite|Dragon Claw|p2a: Charizard\n|-damage|p2a: Charizard|34/100\n|move|p2b: Kingambit|Kowtow Cleave|p1a: Dragonite\n|-damage|p1a: Dragonite|69/100\n|\n|-weather|SunnyDay|[upkeep]\n|upkeep\n|\n|t:|1776040051\n|switch|p1b: Sneasler|Sneasler, L50, F|100/100\n|turn|3\n|\n|t:|1776040065\n|move|p2b: Kingambit|Protect|p2b: Kingambit\n|-singleturn|p2b: Kingambit|Protect\n|move|p1a: Dragonite|Extreme Speed|p2a: Charizard\n|-damage|p2a: Charizard|0 fnt\n|faint|p2a: Charizard\n|move|p1b: Sneasler|Close Combat|p2b: Kingambit\n|-activate|p2b: Kingambit|move: Protect\n|\n|-weather|SunnyDay|[upkeep]\n|upkeep\n|\n|t:|1776040074\n|switch|p2a: Garchomp|Garchomp, L50, M|100/100\n|turn|4\n|\n|t:|1776040101\n|move|p1a: Dragonite|Protect|p1a: Dragonite\n|-singleturn|p1a: Dragonite|Protect\n|move|p2a: Garchomp|Stomping Tantrum|p1b: Sneasler\n|-supereffective|p1b: Sneasler|1\n|-damage|p1b: Sneasler|0 fnt\n|faint|p1b: Sneasler\n|move|p2b: Kingambit|Kowtow Cleave|p1a: Dragonite\n|-activate|p1a: Dragonite|move: Protect\n|\n|-weather|SunnyDay|[upkeep]\n|upkeep\n|-message|Gordon Gambley forfeited.\n|\n|win|Rigbert\n",
  "uploadtime": 1776040109,
  "views": 11,
  "formatid": "gen9championsvgc2026regma",
  "rating": null,
  "private": 0,
  "password": null
}