{
  "id": "gen9championsvgc2026regma-2584843693",
  "format": "[Gen 9 Champions] VGC 2026 Reg M-A",
  "players": [
    "WaluigiVGC",
    "d_malicious"
  ],
  "log": "|j|\u2606WaluigiVGC\n|j|\u2606d_malicious\n|t:|1776288018\n|gametype|doubles\n|player|p1|WaluigiVGC|101|1192\n|player|p2|d_malicious|102|1166\n|gen|9\n|tier|[Gen 9 Champions] VGC 2026 Reg M-A\n|rated|\n|rule|Species Clause: Limit one of each Pok\u00e9mon\n|rule|Item Clause: Limit 1 of each item\n|clearpoke\n|poke|p1|Sneasler, L50, M|\n|poke|p1|Aerodactyl, L50, M|\n|poke|p1|Basculegion, L50, M|\n|poke|p1|Incineroar, L50, F|\n|poke|p1|Floette-Eternal, L50, F|\n|poke|p1|Sinistcha, L50|\n|poke|p2|Charizard, L50, M|\n|poke|p2|Leafeon, L50, M|\n|poke|p2|Garchomp, L50, F|\n|poke|p2|Basculegion, L50, M|\n|poke|p2|Armarouge, L50, F|\n|poke|p2|Gardevoir, L50, M|\n|teampreview|4\n|\n|t:|1776288043\n|teamsize|p1|4\n|teamsize|p2|4\n|start\n|switch|p1a: Incineroar|Incineroar, L50, F|100/100\n|switch|p1b: Floette|Floette-Eternal, L50, F|100/100\n|switch|p2a: Charizard|Charizard, L50, M|100/100\n|switch|p2b: Basculegion|Basculegion, L50, M|100/100\n|-ability|p1a: Incineroar|Intimidate|boost\n|-unboost|p2a: Charizard|atk|1\n|-unboost|p2b: Basculegion|atk|1\n|turn|1\n|\n|t:|1776288070\n|move|p1b: Floette|Protect|p1b: Floette\n|-singleturn|p1b: Floette|Protect\n|move|p2a: Charizard|Heat Wave|p1a: Incineroar|[spread] p1a\n|-activate|p1b: Floette|move: Protect\n|-resisted|p1a: Incineroar|1\n|-damage|p1a: Incineroar|89/100\n|move|p2b: Basculegion|Liquidation|p1a: Incineroar\n|-supereffective|p1a: Incineroar|1\n|-crit|p1a: Incineroar\n|-damage|p1a: Incineroar|0 fnt\n|faint|p1a: Incineroar\n|\n|upkeep\n|\n|t:|1776288085\n|switch|p1a: Sinistcha|Sinistcha, L50|100/100\n|turn|2\n|\n|t:|1776288092\n|switch|p2b: Leafeon|Leafeon, L50, M|100/100\n|detailschange|p2a: Charizard|Charizard-Mega-Y, L50, M\n|-mega|p2a: Charizard|Charizard|Charizardite Y\n|-weather|SunnyDay|[from] ability: Drought|[of] p2a: Charizard\n|detailschange|p1b: Floette|Floette-Mega, L50, F\n|-mega|p1b: Floette|Floette|Floettite\n|-ability|p1b: Floette|Fairy Aura\n|move|p1a: Sinistcha|Rage Powder|p1a: Sinistcha\n|-singleturn|p1a: Sinistcha|move: Rage Powder\n|move|p2a: Charizard|Heat Wave|p1b: Floette|[spread] p1a,p1b\n|-supereffective|p1a: Sinistcha|1\n|-damage|p1a: Sinistcha|0 fnt\n|-damage|p1b: Floette|49/100\n|faint|p1a: Sinistcha\n|move|p1b: Floette|Calm Mind|p1b: Floette\n|-boost|p1b: Floette|spa|1\n|-boost|p1b: Floette|spd|1\n|\n|-weather|SunnyDay|[upkeep]\n|upkeep\n|\n|t:|1776288111\n|switch|p1a: Basculegion|Basculegion, L50, M|100/100\n|turn|3\n|\n|t:|1776288123\n|move|p2b: Leafeon|Solar Blade||[still]\n|-prepare|p2b: Leafeon|Solar Blade\n|-anim|p2b: Leafeon|Solar Blade|p1a: Basculegion\n|-supereffective|p1a: Basculegion|1\n|-damage|p1a: Basculegion|0 fnt\n|faint|p1a: Basculegion\n|move|p2a: Charizard|Heat Wave|p1b: Floette|[miss]\n|-miss|p2a: Charizard|p1b: Floette\n|move|p1b: Floette|Moonblast|p2b: Leafeon\n|-damage|p2b: Leafeon|0 fnt\n|faint|p2b: Leafeon\n|\n|-weather|SunnyDay|[upkeep]\n|upkeep\n|\n|t:|1776288128\n|switch|p2b: Basculegion|Basculegion, L50, M|100/100\n|turn|4\n|\n|t:|1776288140\n|move|p2a: Charizard|Weather Ball|p1b: Floette\n|-damage|p1b: Floette|3/100\n|move|p1b: Floette|Dazzling Gleam|p2b: Basculegion|[spread] p2a,p2b\n|-resisted|p2a: Charizard|1\n|-damage|p2a: Charizard|63/100\n|-damage|p2b: Basculegion|17/100\n|move|p2b: Basculegion|Last Respects|p1b: Floette\n|-damage|p1b: Floette|0 fnt\n|faint|p1b: Floette\n|\n|win|d_malicious\n|raw|WaluigiVGC's rating: 1192 &rarr; <strong>1165</strong><br />(-27 for losing)\n|raw|d_malicious's rating: 1166 &rarr; <strong>1193</strong><br />(+27 for winning)\n",
  "uploadtime": 1776288152,
  "views": 25,
  "formatid": "gen9championsvgc2026regma",
  "rating": 1165,
  "private": 0,
  "password": null
}