{
  "id": "gen9championsvgc2026regma-2584163013",
  "format": "[Gen 9 Champions] VGC 2026 Reg M-A",
  "players": [
    "JCMT",
    "userneme"
  ],
  "log": "|j|\u2606JCMT\n|j|\u2606userneme\n|t:|1776232765\n|gametype|doubles\n|player|p1|JCMT|harlequin|1015\n|player|p2|userneme|170|1085\n|gen|9\n|tier|[Gen 9 Champions] VGC 2026 Reg M-A\n|rated|\n|rule|Species Clause: Limit one of each Pok\u00e9mon\n|rule|Item Clause: Limit 1 of each item\n|clearpoke\n|poke|p1|Glimmora, L50, F|\n|poke|p1|Ditto, L50|\n|poke|p1|Maushold-Four, L50|\n|poke|p1|Aegislash, L50, F|\n|poke|p1|Slowking, L50, M|\n|poke|p1|Rotom-Frost, L50|\n|poke|p2|Crabominable, L50, M|\n|poke|p2|Slowking-Galar, L50, F|\n|poke|p2|Hatterene, L50, F|\n|poke|p2|Bellibolt, L50, M|\n|poke|p2|Aggron, L50, M|\n|poke|p2|Mr. Rime, L50, F|\n|teampreview|4\n|inactive|Battle timer is ON: inactive players will automatically lose when time's up. (requested by JCMT)\n|c|\u2606JCMT|glhf\nJCMT has agreed to open team sheets.\n|c|\u2606userneme|glhf\n|inactive|JCMT has 60 seconds left.\n|\n|t:|1776232803\n|teamsize|p1|4\n|teamsize|p2|4\n|start\n|switch|p1a: Aegislash|Aegislash, L50, F|100/100\n|switch|p1b: Maushold|Maushold-Four, L50|100/100\n|switch|p2a: Mr. Rime|Mr. Rime, L50, F, shiny|100/100\n|switch|p2b: Crabominable|Crabominable, L50, M|100/100\n|turn|1\n|\n|t:|1776232825\n|move|p1b: Maushold|Population Bomb|p2b: Crabominable\n|-damage|p2b: Crabominable|94/100\n|-damage|p2b: Crabominable|88/100\n|-damage|p2b: Crabominable|81/100\n|-damage|p2b: Crabominable|75/100\n|-damage|p2b: Crabominable|69/100\n|-damage|p2b: Crabominable|62/100\n|-damage|p2b: Crabominable|56/100\n|-damage|p2b: Crabominable|49/100\n|-damage|p2b: Crabominable|42/100\n|-hitcount|p2b: Crabominable|9\n|move|p2a: Mr. Rime|Frost Breath|p2b: Crabominable\n|-resisted|p2b: Crabominable|1\n|-crit|p2b: Crabominable\n|-damage|p2b: Crabominable|16/100\n|-setboost|p2b: Crabominable|atk|6|[from] ability: Anger Point\n|-formechange|p1a: Aegislash|Aegislash-Blade|\n|move|p1a: Aegislash|Iron Head|p2a: Mr. Rime\n|-supereffective|p2a: Mr. Rime|1\n|-enditem|p2a: Mr. Rime|Focus Sash\n|-damage|p2a: Mr. Rime|1/100\n|cant|p2b: Crabominable|flinch\n|\n|upkeep\n|turn|2\n|inactive|JCMT has 30 seconds left.\n|c|\u2606userneme|im going to kill you :]\n|\n|t:|1776232859\n|move|p2b: Crabominable|Protect|p2b: Crabominable\n|-singleturn|p2b: Crabominable|Protect\n|move|p1b: Maushold|Population Bomb|p2a: Mr. Rime\n|-damage|p2a: Mr. Rime|0 fnt\n|faint|p2a: Mr. Rime\n|-hitcount|p2: Mr. Rime|1\n|move|p1a: Aegislash|Shadow Claw|p2b: Crabominable\n|-activate|p2b: Crabominable|move: Protect\n|\n|upkeep\n|\n|t:|1776232863\n|switch|p2a: Hatterene|Hatterene, L50, F|100/100\n|turn|3\n|c|\u2606JCMT|doh man\n|-activate|p2a: Hatterene|item: Quick Claw\n|\n|t:|1776232874\n|detailschange|p2b: Crabominable|Crabominable-Mega, L50, M\n|-mega|p2b: Crabominable|Crabominable|Crabominite\n|move|p2b: Crabominable|Protect|p2b: Crabominable\n|-singleturn|p2b: Crabominable|Protect\n|move|p1b: Maushold|Population Bomb|p2b: Crabominable\n|-activate|p2b: Crabominable|move: Protect\n|move|p1a: Aegislash|Iron Head|p2a: Hatterene\n|-supereffective|p2a: Hatterene|1\n|-damage|p2a: Hatterene|0 fnt\n|faint|p2a: Hatterene\n|\n|upkeep\n|-message|userneme forfeited.\n|\n|win|JCMT\n|raw|JCMT's rating: 1015 &rarr; <strong>1060</strong><br />(+45 for winning)\n|raw|userneme's rating: 1085 &rarr; <strong>1058</strong><br />(-27 for losing)\n|l|\u2606userneme\n|player|p2|\n|c|\u2606JCMT|ggwp\n",
  "uploadtime": 1776232891,
  "views": 21,
  "formatid": "gen9championsvgc2026regma",
  "rating": 1058,
  "private": 0,
  "password": null
}