{
  "id": "gen9championsvgc2026regma-2584987512",
  "format": "[Gen 9 Champions] VGC 2026 Reg M-A",
  "players": [
    "BwhHTh",
    "Cyishere"
  ],
  "log": "|j|\u2606BwhHTh\n|j|\u2606Cyishere\n|t:|1776300901\n|gametype|doubles\n|player|p1|BwhHTh|harlequin|1088\n|player|p2|Cyishere|1|1130\n|gen|9\n|tier|[Gen 9 Champions] VGC 2026 Reg M-A\n|rated|\n|rule|Species Clause: Limit one of each Pok\u00e9mon\n|rule|Item Clause: Limit 1 of each item\n|clearpoke\n|poke|p1|Orthworm, L50, M|\n|poke|p1|Basculegion, L50, M|\n|poke|p1|Froslass, L50, F|\n|poke|p1|Rotom-Frost, L50|\n|poke|p1|Garchomp, L50, F|\n|poke|p1|Incineroar, L50, F|\n|poke|p2|Glimmora, L50, M|\n|poke|p2|Klefki, L50, M|\n|poke|p2|Excadrill, L50, F|\n|poke|p2|Tyranitar, L50, F|\n|poke|p2|Incineroar, L50, F|\n|poke|p2|Sinistcha, L50|\n|teampreview|4\n|\n|t:|1776300950\n|teamsize|p1|4\n|teamsize|p2|4\n|start\n|switch|p1a: Garchomp|Garchomp, L50, F|100/100\n|switch|p1b: Orthworm|Orthworm, L50, M|100/100\n|switch|p2a: Glimmora|Glimmora, L50, M, shiny|100/100\n|switch|p2b: Excadrill|Excadrill, L50, F, shiny|100/100\n|turn|1\n|\n|t:|1776300975\n|move|p1a: Garchomp|Earthquake|p2b: Excadrill|[spread] p2a,p2b\n|-immune|p1b: Orthworm|[from] ability: Earth Eater\n|-supereffective|p2a: Glimmora|2\n|-supereffective|p2b: Excadrill|1\n|-damage|p2a: Glimmora|0 fnt\n|-enditem|p2b: Excadrill|Focus Sash\n|-damage|p2b: Excadrill|1/100\n|-activate|p2a: Glimmora|ability: Toxic Debris\n|-sidestart|p1: BwhHTh|move: Toxic Spikes\n|faint|p2a: Glimmora\n|move|p2b: Excadrill|High Horsepower|p1b: Orthworm\n|-immune|p1b: Orthworm|[from] ability: Earth Eater\n|move|p1b: Orthworm|Shed Tail|p1b: Orthworm\n|-start|p1b: Orthworm|Substitute|[from] move: Shed Tail\n|-damage|p1b: Orthworm|50/100\n|-enditem|p1b: Orthworm|Sitrus Berry|[eat]\n|-heal|p1b: Orthworm|75/100|[from] item: Sitrus Berry\n|-message|Cyishere forfeited.\n|\n|win|BwhHTh\n|raw|BwhHTh's rating: 1088 &rarr; <strong>1118</strong><br />(+30 for winning)\n|raw|Cyishere's rating: 1130 &rarr; <strong>1102</strong><br />(-28 for losing)\n|l|\u2606Cyishere\n|player|p2|\n",
  "uploadtime": 1776300994,
  "views": 26,
  "formatid": "gen9championsvgc2026regma",
  "rating": 1102,
  "private": 0,
  "password": null
}