{
  "id": "gen9championsvgc2026regma-2585099226",
  "format": "[Gen 9 Champions] VGC 2026 Reg M-A",
  "players": [
    "Grade a type b",
    "dkapflzksh"
  ],
  "log": "|j|\u2606Grade a type b\n|j|\u2606dkapflzksh\n|t:|1776311661\n|gametype|doubles\n|player|p1|Grade a type b|102|1331\n|player|p2|dkapflzksh|scientist-gen4dp|1339\n|gen|9\n|tier|[Gen 9 Champions] VGC 2026 Reg M-A\n|rated|\n|rule|Species Clause: Limit one of each Pok\u00e9mon\n|rule|Item Clause: Limit 1 of each item\n|clearpoke\n|poke|p1|Aerodactyl, L50, M|\n|poke|p1|Garchomp, L50, M|\n|poke|p1|Meganium, L50, F|\n|poke|p1|Aegislash, L50, F|\n|poke|p1|Milotic, L50, F|\n|poke|p1|Incineroar, L50, F|\n|poke|p2|Basculegion, L50, M|\n|poke|p2|Dragonite, L50, M|\n|poke|p2|Archaludon, L50, F|\n|poke|p2|Scizor, L50, F|\n|poke|p2|Incineroar, L50, M|\n|poke|p2|Pelipper, L50, F|\n|teampreview|4\n|inactive|Battle timer is ON: inactive players will automatically lose when time's up. (requested by Grade a type b)\n|\n|t:|1776311687\n|teamsize|p1|4\n|teamsize|p2|4\n|start\n|switch|p1a: Aegislash|Aegislash, L50, F|100/100\n|switch|p1b: Incineroar|Incineroar, L50, F|100/100\n|switch|p2a: Pelipper|Pelipper, L50, F, shiny|100/100\n|switch|p2b: Basculegion|Basculegion, L50, M, shiny|100/100\n|-weather|RainDance|[from] ability: Drizzle|[of] p2a: Pelipper\n|-ability|p1b: Incineroar|Intimidate|boost\n|-unboost|p2a: Pelipper|atk|1\n|-unboost|p2b: Basculegion|atk|1\n|turn|1\n|\n|t:|1776311704\n|switch|p1b: Garchomp|Garchomp, L50, M|100/100\n|move|p2b: Basculegion|Flip Turn|p1a: Aegislash\n|-damage|p1a: Aegislash|73/100\n|\n|t:|1776311715\n|switch|p2b: Archaludon|Archaludon, L50, F, shiny|100/100|[from] Flip Turn\n|move|p2a: Pelipper|Weather Ball|p1b: Garchomp\n|-damage|p1b: Garchomp|33/100\n|-formechange|p1a: Aegislash|Aegislash-Blade|\n|move|p1a: Aegislash|Shadow Ball|p2b: Archaludon\n|-damage|p2b: Archaludon|56/100\n|-ability|p2b: Archaludon|Stamina|boost\n|-boost|p2b: Archaludon|def|1\n|\n|-weather|RainDance|[upkeep]\n|-heal|p2b: Archaludon|62/100|[from] item: Leftovers\n|-heal|p1a: Aegislash|79/100|[from] item: Leftovers\n|upkeep\n|turn|2\n|inactive|dkapflzksh has 30 seconds left.\n|\n|t:|1776311742\n|move|p1b: Garchomp|Protect|p1b: Garchomp\n|-singleturn|p1b: Garchomp|Protect\n|move|p2b: Archaludon|Protect|p2b: Archaludon\n|-singleturn|p2b: Archaludon|Protect\n|move|p2a: Pelipper|Tailwind|p2a: Pelipper\n|-sidestart|p2: dkapflzksh|move: Tailwind\n|move|p1a: Aegislash|Shadow Ball|p2b: Archaludon\n|-activate|p2b: Archaludon|move: Protect\n|\n|-weather|RainDance|[upkeep]\n|-heal|p2b: Archaludon|69/100|[from] item: Leftovers\n|-heal|p1a: Aegislash|85/100|[from] item: Leftovers\n|upkeep\n|turn|3\n|\n|t:|1776311760\n|move|p1b: Garchomp|Protect||[still]\n|-fail|p1b: Garchomp\n|-formechange|p1a: Aegislash|Aegislash|\n|move|p1a: Aegislash|King's Shield|p1a: Aegislash\n|-singleturn|p1a: Aegislash|Protect\n|move|p2a: Pelipper|Weather Ball|p1b: Garchomp\n|-damage|p1b: Garchomp|0 fnt\n|faint|p1b: Garchomp\n|move|p2b: Archaludon|Electro Shot||[still]\n|-prepare|p2b: Archaludon|Electro Shot\n|-boost|p2b: Archaludon|spa|1\n|-anim|p2b: Archaludon|Electro Shot|p1a: Aegislash\n|-activate|p1a: Aegislash|move: Protect\n|\n|-weather|RainDance|[upkeep]\n|-heal|p2b: Archaludon|75/100|[from] item: Leftovers\n|-heal|p1a: Aegislash|91/100|[from] item: Leftovers\n|upkeep\n|-message|Grade a type b forfeited.\n|\n|win|dkapflzksh\n|raw|Grade a type b's rating: 1331 &rarr; <strong>1311</strong><br />(-20 for losing)\n|raw|dkapflzksh's rating: 1339 &rarr; <strong>1359</strong><br />(+20 for winning)\n",
  "uploadtime": 1776311766,
  "views": 40,
  "formatid": "gen9championsvgc2026regma",
  "rating": 1311,
  "private": 0,
  "password": null
}