{
  "id": "gen9championsvgc2026regma-2589512597",
  "format": "[Gen 9 Champions] VGC 2026 Reg M-A",
  "players": [
    "Benv2005",
    "osekkai"
  ],
  "log": "|j|\u2606Benv2005\n|j|\u2606osekkai\n|t:|1776729741\n|gametype|doubles\n|player|p1|Benv2005|102|1283\n|player|p2|osekkai|101|1221\n|gen|9\n|tier|[Gen 9 Champions] VGC 2026 Reg M-A\n|rated|\n|rule|Species Clause: Limit one of each Pok\u00e9mon\n|rule|Item Clause: Limit 1 of each item\n|clearpoke\n|poke|p1|Froslass, L50, F|\n|poke|p1|Kingambit, L50, F|\n|poke|p1|Incineroar, L50, M|\n|poke|p1|Sinistcha-Masterpiece, L50|\n|poke|p1|Milotic, L50, F|\n|poke|p1|Farigiraf, L50, M|\n|poke|p2|Gardevoir, L50, F|\n|poke|p2|Aegislash, L50, M|\n|poke|p2|Rotom-Heat, L50|\n|poke|p2|Aerodactyl, L50, F|\n|poke|p2|Hydreigon, L50, F|\n|poke|p2|Tauros-Paldea-Aqua, L50, M|\n|teampreview|4\n|\n|t:|1776729800\n|teamsize|p1|4\n|teamsize|p2|4\n|start\n|switch|p1a: Worm|Milotic, L50, F|100/100\n|switch|p1b: Club Bouncer|Incineroar, L50, M|100/100\n|switch|p2a: Gardevoir|Gardevoir, L50, F|100/100\n|switch|p2b: Hydreigon|Hydreigon, L50, F|100/100\n|-ability|p2a: Gardevoir|Intimidate|Trace|[from] ability: Trace|[of] p1b: Club Bouncer\n|-ability|p2a: Gardevoir|Intimidate|boost\n|-unboost|p1a: Worm|atk|1\n|-ability|p1a: Worm|Competitive|boost\n|-boost|p1a: Worm|spa|2\n|-unboost|p1b: Club Bouncer|atk|1\n|-ability|p1b: Club Bouncer|Intimidate|boost\n|-unboost|p2a: Gardevoir|atk|1\n|-unboost|p2b: Hydreigon|atk|1\n|turn|1\n|-message|osekkai forfeited.\n|\n|win|Benv2005\n|raw|Benv2005's rating: 1283 &rarr; <strong>1304</strong><br />(+21 for winning)\n|raw|osekkai's rating: 1221 &rarr; <strong>1200</strong><br />(-21 for losing)\n|l|\u2606osekkai\n|player|p2|\n",
  "uploadtime": 1776729834,
  "views": 3,
  "formatid": "gen9championsvgc2026regma",
  "rating": 1200,
  "private": 0,
  "password": null
}