{
  "id": "gen9championsvgc2026regma-2581822409",
  "format": "[Gen 9 Champions] VGC 2026 Reg M-A",
  "players": [
    "sucudifrutaz",
    "Cra3k"
  ],
  "log": "|j|\u2606sucudifrutaz\n|j|\u2606Cra3k\n|t:|1776031231\n|gametype|doubles\n|player|p1|sucudifrutaz|dancer|1125\n|player|p2|Cra3k|acetrainerf|1150\n|gen|9\n|tier|[Gen 9 Champions] VGC 2026 Reg M-A\n|rated|\n|rule|Species Clause: Limit one of each Pok\u00e9mon\n|rule|Item Clause: Limit 1 of each item\n|clearpoke\n|poke|p1|Meganium, L50, F|\n|poke|p1|Basculegion, L50, M|\n|poke|p1|Archaludon, L50, F|\n|poke|p1|Politoed, L50, M|\n|poke|p1|Talonflame, L50, M|\n|poke|p1|Maushold, L50|\n|poke|p2|Delphox, L50, M|\n|poke|p2|Talonflame, L50, M|\n|poke|p2|Kommo-o, L50, F|\n|poke|p2|Dragapult, L50, M|\n|poke|p2|Sinistcha, L50|\n|poke|p2|Sneasler, L50, M|\n|teampreview|4\n|\n|t:|1776031271\n|teamsize|p1|4\n|teamsize|p2|4\n|start\n|switch|p1a: Meganium|Meganium, L50, F, shiny|100/100\n|switch|p1b: Talonflame|Talonflame, L50, M|100/100\n|switch|p2a: Talonflame|Talonflame, L50, M|100/100\n|switch|p2b: Dragapult|Dragapult, L50, M|100/100\n|turn|1\n|inactive|Battle timer is ON: inactive players will automatically lose when time's up. (requested by Cra3k)\n|\n|t:|1776031285\n|detailschange|p1a: Meganium|Meganium-Mega, L50, F, shiny\n|-mega|p1a: Meganium|Meganium|Meganiumite\n|move|p1b: Talonflame|Tailwind|p1b: Talonflame\n|-sidestart|p1: sucudifrutaz|move: Tailwind\n|move|p2a: Talonflame|Tailwind|p2a: Talonflame\n|-sidestart|p2: Cra3k|move: Tailwind\n|move|p2b: Dragapult|Light Screen|p2b: Dragapult\n|-sidestart|p2: Cra3k|move: Light Screen\n|move|p1a: Meganium|Dazzling Gleam|p2a: Talonflame|[spread] p2a,p2b\n|-resisted|p2a: Talonflame|1\n|-crit|p2a: Talonflame\n|-supereffective|p2b: Dragapult|1\n|-damage|p2a: Talonflame|57/100\n|-damage|p2b: Dragapult|45/100\n|\n|upkeep\n|turn|2\n|\n|t:|1776031306\n|move|p1b: Talonflame|Hurricane|p2b: Dragapult\n|-damage|p2b: Dragapult|11/100\n|move|p2b: Dragapult|Breaking Swipe|p1b: Talonflame|[spread] p1b\n|-immune|p1a: Meganium\n|-damage|p1b: Talonflame|71/100\n|-unboost|p1b: Talonflame|atk|1\n|move|p2a: Talonflame|Brave Bird|p1a: Meganium\n|-supereffective|p1a: Meganium|1\n|-damage|p1a: Meganium|14/100\n|-damage|p2a: Talonflame|26/100|[from] Recoil\n|move|p1a: Meganium|Dazzling Gleam|p2a: Talonflame|[spread] p2a,p2b\n|-resisted|p2a: Talonflame|1\n|-supereffective|p2b: Dragapult|1\n|-damage|p2a: Talonflame|7/100\n|-damage|p2b: Dragapult|0 fnt\n|faint|p2b: Dragapult\n|\n|upkeep\n|\n|t:|1776031321\n|switch|p2b: Kommo-o|Kommo-o, L50, F|100/100\n|turn|3\n|\n|t:|1776031329\n|switch|p2a: Sinistcha|Sinistcha, L50|100/100\n|move|p2b: Kommo-o|Protect|p2b: Kommo-o\n|-singleturn|p2b: Kommo-o|Protect\n|move|p1b: Talonflame|Quick Attack|p2a: Sinistcha\n|-immune|p2a: Sinistcha\n|move|p1a: Meganium|Dazzling Gleam|p2a: Sinistcha|[spread] p2a\n|-activate|p2b: Kommo-o|move: Protect\n|-crit|p2a: Sinistcha\n|-damage|p2a: Sinistcha|43/100\n|-enditem|p2a: Sinistcha|Sitrus Berry|[eat]\n|-heal|p2a: Sinistcha|67/100|[from] item: Sitrus Berry\n|\n|upkeep\n|turn|4\n|\n|t:|1776031348\n|move|p2a: Sinistcha|Rage Powder|p2a: Sinistcha\n|-singleturn|p2a: Sinistcha|move: Rage Powder\n|move|p1b: Talonflame|Hurricane|p2a: Sinistcha\n|-supereffective|p2a: Sinistcha|1\n|-damage|p2a: Sinistcha|13/100\n|-start|p2a: Sinistcha|confusion\n|move|p2b: Kommo-o|Clangorous Soul|p2b: Kommo-o\n|-boost|p2b: Kommo-o|atk|1\n|-boost|p2b: Kommo-o|def|1\n|-boost|p2b: Kommo-o|spa|1\n|-boost|p2b: Kommo-o|spd|1\n|-boost|p2b: Kommo-o|spe|1\n|-damage|p2b: Kommo-o|68/100\n|move|p1a: Meganium|Dazzling Gleam|p2b: Kommo-o|[spread] p2a,p2b\n|-supereffective|p2b: Kommo-o|2\n|-damage|p2a: Sinistcha|0 fnt\n|-damage|p2b: Kommo-o|0 fnt\n|faint|p2a: Sinistcha\n|faint|p2b: Kommo-o\n|\n|-sideend|p1: sucudifrutaz|move: Tailwind\n|-sideend|p2: Cra3k|move: Tailwind\n|upkeep\n|-message|Cra3k forfeited.\n|\n|win|sucudifrutaz\n|raw|sucudifrutaz's rating: 1125 &rarr; <strong>1152</strong><br />(+27 for winning)\n|raw|Cra3k's rating: 1150 &rarr; <strong>1123</strong><br />(-27 for losing)\n|l|\u2606Cra3k\n|player|p2|\n",
  "uploadtime": 1776031390,
  "views": 20,
  "formatid": "gen9championsvgc2026regma",
  "rating": 1123,
  "private": 0,
  "password": null
}