{
  "id": "gen9championsvgc2026regma-2586532512",
  "format": "[Gen 9 Champions] VGC 2026 Reg M-A",
  "players": [
    "adriangpulido2",
    "parwes"
  ],
  "log": "|j|\u2606adriangpulido2\n|j|\u2606parwes\n|t:|1776441169\n|gametype|doubles\n|player|p1|adriangpulido2|cyrus|1131\n|player|p2|parwes|265|1049\n|gen|9\n|tier|[Gen 9 Champions] VGC 2026 Reg M-A\n|rated|\n|rule|Species Clause: Limit one of each Pok\u00e9mon\n|rule|Item Clause: Limit 1 of each item\n|clearpoke\n|poke|p1|Pelipper, L50, F|\n|poke|p1|Talonflame, L50, M|\n|poke|p1|Archaludon, L50, M|\n|poke|p1|Aerodactyl, L50, M|\n|poke|p1|Sneasler, L50, M|\n|poke|p1|Meganium, L50, M|\n|poke|p2|Glaceon, L50, F|\n|poke|p2|Froslass, L50, F|\n|poke|p2|Rotom-Frost, L50|\n|poke|p2|Garchomp, L50, F|\n|poke|p2|Sneasler, L50, M|\n|poke|p2|Kingambit, L50, M|\n|teampreview|4\n|\n|t:|1776441211\n|teamsize|p1|4\n|teamsize|p2|4\n|start\n|switch|p1a: Sneasler|Sneasler, L50, M|100/100\n|switch|p1b: Pelipper|Pelipper, L50, F, shiny|100/100\n|switch|p2a: Sneasler|Sneasler, L50, M|100/100\n|switch|p2b: Froslass|Froslass, L50, F|100/100\n|-weather|RainDance|[from] ability: Drizzle|[of] p1b: Pelipper\n|turn|1\n|\n|t:|1776441235\n|detailschange|p2b: Froslass|Froslass-Mega, L50, F\n|-mega|p2b: Froslass|Froslass|Froslassite\n|-weather|Snowscape|[from] ability: Snow Warning|[of] p2b: Froslass\n|move|p2a: Sneasler|Fake Out|p1a: Sneasler\n|-damage|p1a: Sneasler|77/100\n|move|p2b: Froslass|Blizzard|p1a: Sneasler|[spread] p1a,p1b\n|-crit|p1a: Sneasler\n|-damage|p1a: Sneasler|0 fnt\n|-damage|p1b: Pelipper|24/100\n|faint|p1a: Sneasler\n|move|p1b: Pelipper|Hurricane|p2a: Sneasler\n|-supereffective|p2a: Sneasler|1\n|-damage|p2a: Sneasler|0 fnt\n|faint|p2a: Sneasler\n|\n|-weather|Snowscape|[upkeep]\n|upkeep\n|\n|t:|1776441249\n|switch|p2a: Glaceon|Glaceon, L50, F|100/100\n|switch|p1a: Archaludon|Archaludon, L50, M, shiny|100/100\n|turn|2\n|\n|t:|1776441258\n|move|p1b: Pelipper|Protect|p1b: Pelipper\n|-singleturn|p1b: Pelipper|Protect\n|move|p2b: Froslass|Blizzard|p1a: Archaludon|[spread] p1a\n|-activate|p1b: Pelipper|move: Protect\n|-damage|p1a: Archaludon|39/100\n|-ability|p1a: Archaludon|Stamina|boost\n|-boost|p1a: Archaludon|def|1\n|move|p2a: Glaceon|Blizzard|p1a: Archaludon|[spread] p1a\n|-activate|p1b: Pelipper|move: Protect\n|-damage|p1a: Archaludon|0 fnt\n|faint|p1a: Archaludon\n|\n|-weather|Snowscape|[upkeep]\n|upkeep\n|\n|t:|1776441273\n|switch|p1a: Meganium|Meganium, L50, M|100/100\n|turn|3\n|\n|t:|1776441284\n|detailschange|p1a: Meganium|Meganium-Mega, L50, M\n|-mega|p1a: Meganium|Meganium|Meganiumite\n|move|p2b: Froslass|Blizzard|p1b: Pelipper|[spread] p1a,p1b\n|-supereffective|p1a: Meganium|1\n|-damage|p1a: Meganium|35/100\n|-damage|p1b: Pelipper|0 fnt\n|faint|p1b: Pelipper\n|move|p2a: Glaceon|Blizzard|p1a: Meganium\n|-supereffective|p1a: Meganium|1\n|-damage|p1a: Meganium|0 fnt\n|faint|p1a: Meganium\n|\n|win|parwes\n|raw|adriangpulido2's rating: 1131 &rarr; <strong>1100</strong><br />(-31 for losing)\n|raw|parwes's rating: 1049 &rarr; <strong>1089</strong><br />(+40 for winning)\n|c|\u2606parwes|gg\n|l|\u2606adriangpulido2\n|player|p1|\n",
  "uploadtime": 1776441299,
  "views": 25,
  "formatid": "gen9championsvgc2026regma",
  "rating": 1089,
  "private": 0,
  "password": null
}