{
  "id": "gen9championsvgc2026regma-2582487001",
  "format": "[Gen 9 Champions] VGC 2026 Reg M-A",
  "players": [
    "shin-tv07",
    "Nemmy23"
  ],
  "log": "|j|\u2606shin-tv07\n|j|\u2606Nemmy23\n|t:|1776094820\n|gametype|doubles\n|player|p1|shin-tv07|twins-gen4dp|1107\n|player|p2|Nemmy23|pokemonbreeder|1010\n|gen|9\n|tier|[Gen 9 Champions] VGC 2026 Reg M-A\n|rated|\n|rule|Species Clause: Limit one of each Pok\u00e9mon\n|rule|Item Clause: Limit 1 of each item\n|clearpoke\n|poke|p1|Sneasler, L50, M|\n|poke|p1|Kingambit, L50, M|\n|poke|p1|Clefable, L50, F|\n|poke|p1|Delphox, L50, F|\n|poke|p1|Dragonite, L50, M|\n|poke|p1|Basculegion, L50, M|\n|poke|p2|Hawlucha, L50, M|\n|poke|p2|Excadrill, L50, M|\n|poke|p2|Kingambit, L50, M|\n|poke|p2|Tyranitar, L50, M|\n|poke|p2|Gengar, L50, F|\n|poke|p2|Whimsicott, L50, F|\n|teampreview|4\n|inactive|Battle timer is ON: inactive players will automatically lose when time's up. (requested by Nemmy23)\n|\n|t:|1776094849\n|teamsize|p1|4\n|teamsize|p2|4\n|start\n|switch|p1a: Kingambit|Kingambit, L50, M|100/100\n|switch|p1b: Basculegion|Basculegion, L50, M|100/100\n|switch|p2a: Hawlucha|Hawlucha, L50, M|100/100\n|switch|p2b: Excadrill|Excadrill, L50, M|100/100\n|turn|1\n|\n|t:|1776094860\n|detailschange|p2a: Hawlucha|Hawlucha-Mega, L50, M\n|-mega|p2a: Hawlucha|Hawlucha|Hawluchanite\n|move|p2b: Excadrill|Protect|p2b: Excadrill\n|-singleturn|p2b: Excadrill|Protect\n|move|p1a: Kingambit|Protect|p1a: Kingambit\n|-singleturn|p1a: Kingambit|Protect\n|move|p1b: Basculegion|Flip Turn|p2b: Excadrill\n|-activate|p2b: Excadrill|move: Protect\n|move|p2a: Hawlucha|High Jump Kick|p1a: Kingambit\n|-activate|p1a: Kingambit|move: Protect\n|-damage|p2a: Hawlucha|51/100|[from] highjumpkick\n|\n|upkeep\n|turn|2\n|inactive|shin-tv07 has 30 seconds left.\n|\n|t:|1776094886\n|move|p1a: Kingambit|Sucker Punch|p2b: Excadrill\n|-damage|p2b: Excadrill|42/100\n|-enditem|p2b: Excadrill|Sitrus Berry|[eat]\n|-heal|p2b: Excadrill|67/100|[from] item: Sitrus Berry\n|move|p1b: Basculegion|Flip Turn|p2b: Excadrill\n|-supereffective|p2b: Excadrill|1\n|-damage|p2b: Excadrill|0 fnt\n|faint|p2b: Excadrill\n|-message|Nemmy23 forfeited.\n|\n|win|shin-tv07\n|raw|shin-tv07's rating: 1107 &rarr; <strong>1125</strong><br />(+18 for winning)\n|raw|Nemmy23's rating: 1010 &rarr; <strong>1002</strong><br />(-8 for losing)\n|l|\u2606Nemmy23\n|player|p2|\n|c|\u2606shin-tv07|aw\n",
  "uploadtime": 1776094896,
  "views": 8,
  "formatid": "gen9championsvgc2026regma",
  "rating": 1002,
  "private": 0,
  "password": null
}