{
  "id": "gen9championsvgc2026regma-2581107283",
  "format": "[Gen 9 Champions] VGC 2026 Reg M-A",
  "players": [
    "SnappyDerpyHI",
    "All Hail Ogerpon"
  ],
  "log": "|j|\u2606SnappyDerpyHI\n|j|\u2606All Hail Ogerpon\n|t:|1775960533\n|gametype|doubles\n|player|p1|SnappyDerpyHI|pokemaniac|\n|player|p2|All Hail Ogerpon|raihan|\n|gen|9\n|tier|[Gen 9 Champions] VGC 2026 Reg M-A\n|rated|Tournament battle\n|rule|Species Clause: Limit one of each Pok\u00e9mon\n|rule|Item Clause: Limit 1 of each item\n|raw|<div class=\"infobox\"><details class=\"readmore\" open><summary><strong>1 custom rule:</strong></summary> Force Open Team Sheets</details></div>\n|clearpoke\n|poke|p1|Lopunny, L50, M|\n|poke|p1|Incineroar, L50, M|\n|poke|p1|Palafin, L50, F|\n|poke|p1|Meowscarada, L50, F|\n|poke|p1|Slowbro-Galar, L50, M|\n|poke|p1|Aerodactyl, L50, F|\n|poke|p2|Dragonite, L50, M|\n|poke|p2|Whimsicott, L50, F|\n|poke|p2|Garchomp, L50, M|\n|poke|p2|Sneasler, L50, F|\n|poke|p2|Rotom-Wash, L50|\n|poke|p2|Kingambit, L50, M|\n|teampreview|4\n|showteam|p1|Lopunny||Lopunnite|CuteCharm|FakeOut,CloseCombat,TripleAxel,Protect|||M|||50|]Incineroar||SitrusBerry|Intimidate|FakeOut,PartingShot,FlareBlitz,DarkestLariat|||M|||50|]Palafin||MysticWater|ZerotoHero|WaveCrash,JetPunch,Protect,DrainPunch|||F|||50|]Meowscarada||FocusSash|Overgrow|FlowerTrick,KnockOff,TripleAxel,Protect|||F|||50|]Slowbro-Galar||QuickClaw|QuickDraw|Flamethrower,ShellSideArm,Psychic,Protect|||M|||50|]Aerodactyl||HardStone|Unnerve|DualWingbeat,RockBlast,RockSlide,Protect|||F|||50|\n|showteam|p2|Dragonite||Dragoninite|Multiscale|Tailwind,Protect,AirSlash,DracoMeteor|||M|||50|]Whimsicott||FocusSash|Prankster|Tailwind,Moonblast,Encore,Endeavor|||F|||50|]Garchomp||SoftSand|RoughSkin|Protect,Earthquake,RockSlide,StompingTantrum|||M|||50|]Sneasler||WhiteHerb|Unburden|Protect,FakeOut,CloseCombat,DireClaw|||F|||50|]Rotom-Wash||Magnet|Levitate|Thunderbolt,VoltSwitch,HydroPump,Protect||||||50|]Kingambit||BlackGlasses|Defiant|SwordsDance,KowtowCleave,SuckerPunch,IronHead|||M|||50|\n|inactive|Battle timer is ON: inactive players will automatically lose when time's up. (requested by SnappyDerpyHI)\nSnappyDerpyHI has agreed to open team sheets.\n|c|\u2606All Hail Ogerpon|glhf\nAll Hail Ogerpon has agreed to open team sheets.\n|showteam|p1|Lopunny||Lopunnite|CuteCharm|FakeOut,CloseCombat,TripleAxel,Protect|||M|||50|]Incineroar||SitrusBerry|Intimidate|FakeOut,PartingShot,FlareBlitz,DarkestLariat|||M|||50|]Palafin||MysticWater|ZerotoHero|WaveCrash,JetPunch,Protect,DrainPunch|||F|||50|]Meowscarada||FocusSash|Overgrow|FlowerTrick,KnockOff,TripleAxel,Protect|||F|||50|]Slowbro-Galar||QuickClaw|QuickDraw|Flamethrower,ShellSideArm,Psychic,Protect|||M|||50|]Aerodactyl||HardStone|Unnerve|DualWingbeat,RockBlast,RockSlide,Protect|||F|||50|\n|showteam|p2|Dragonite||Dragoninite|Multiscale|Tailwind,Protect,AirSlash,DracoMeteor|||M|||50|]Whimsicott||FocusSash|Prankster|Tailwind,Moonblast,Encore,Endeavor|||F|||50|]Garchomp||SoftSand|RoughSkin|Protect,Earthquake,RockSlide,StompingTantrum|||M|||50|]Sneasler||WhiteHerb|Unburden|Protect,FakeOut,CloseCombat,DireClaw|||F|||50|]Rotom-Wash||Magnet|Levitate|Thunderbolt,VoltSwitch,HydroPump,Protect||||||50|]Kingambit||BlackGlasses|Defiant|SwordsDance,KowtowCleave,SuckerPunch,IronHead|||M|||50|\n|c|\u2606SnappyDerpyHI|glhf\n|c|\u2606All Hail Ogerpon|double ots\n|c|\u2606All Hail Ogerpon|lmao\n|c|\u2606SnappyDerpyHI|lol\n|inactive|SnappyDerpyHI has 60 seconds left.\n|inactive|All Hail Ogerpon has 60 seconds left.\n|\n|t:|1775960592\n|teamsize|p1|4\n|teamsize|p2|4\n|start\n|switch|p1a: Meowscarada|Meowscarada, L50, F|100/100\n|switch|p1b: Incineroar|Incineroar, L50, M|100/100\n|switch|p2a: Rotom|Rotom-Wash, L50|100/100\n|switch|p2b: Whimsicott|Whimsicott, L50, F, shiny|100/100\n|-ability|p1b: Incineroar|Intimidate|boost\n|-unboost|p2a: Rotom|atk|1\n|-unboost|p2b: Whimsicott|atk|1\n|turn|1\n|j| GalarianDurant\n|j| Easy L's\n|inactive|SnappyDerpyHI has 30 seconds left.\n|inactive|All Hail Ogerpon has 30 seconds left.\n|\n|t:|1775960621\n|switch|p2a: Sneasler|Sneasler, L50, F|100/100\n|move|p1b: Incineroar|Fake Out|p2a: Sneasler\n|-damage|p2a: Sneasler|83/100\n|move|p2b: Whimsicott|Tailwind|p2b: Whimsicott\n|-sidestart|p2: All Hail Ogerpon|move: Tailwind\n|move|p1a: Meowscarada|Triple Axel|p2b: Whimsicott\n|-supereffective|p2b: Whimsicott|1\n|-damage|p2b: Whimsicott|81/100\n|-supereffective|p2b: Whimsicott|1\n|-damage|p2b: Whimsicott|46/100\n|-supereffective|p2b: Whimsicott|1\n|-damage|p2b: Whimsicott|0 fnt\n|faint|p2b: Whimsicott\n|-hitcount|p2: Whimsicott|3\n|\n|upkeep\n|\n|t:|1775960628\n|switch|p2b: Rotom|Rotom-Wash, L50|100/100\n|turn|2\n|j| pipievgc103\n|inactive|SnappyDerpyHI has 30 seconds left.\n|\n|t:|1775960655\n|move|p2a: Sneasler|Close Combat|p1b: Incineroar\n|-supereffective|p1b: Incineroar|1\n|-damage|p1b: Incineroar|0 fnt\n|-unboost|p2a: Sneasler|def|1\n|-unboost|p2a: Sneasler|spd|1\n|faint|p1b: Incineroar\n|-enditem|p2a: Sneasler|White Herb\n|-clearnegativeboost|p2a: Sneasler|[silent]\n|move|p2b: Rotom|Hydro Pump|p1a: Meowscarada\n|-resisted|p1a: Meowscarada|1\n|-damage|p1a: Meowscarada|59/100\n|move|p1a: Meowscarada|Flower Trick|p2b: Rotom\n|-supereffective|p2b: Rotom|1\n|-crit|p2b: Rotom\n|-damage|p2b: Rotom|0 fnt\n|faint|p2b: Rotom\n|\n|upkeep\n|l| pipievgc103\n|\n|t:|1775960664\n|switch|p2b: Dragonite|Dragonite, L50, M, shiny|100/100\n|switch|p1b: Lopunny|Lopunny, L50, M|100/100\n|turn|3\n|\n|t:|1775960677\n|detailschange|p2b: Dragonite|Dragonite-Mega, L50, M, shiny\n|-mega|p2b: Dragonite|Dragonite|Dragoninite\n|detailschange|p1b: Lopunny|Lopunny-Mega, L50, M\n|-mega|p1b: Lopunny|Lopunny|Lopunnite\n|move|p1b: Lopunny|Fake Out|p2a: Sneasler\n|-damage|p2a: Sneasler|45/100\n|cant|p2a: Sneasler|flinch\n|move|p2b: Dragonite|Air Slash|p1a: Meowscarada\n|-supereffective|p1a: Meowscarada|1\n|-damage|p1a: Meowscarada|0 fnt\n|faint|p1a: Meowscarada\n|\n|upkeep\n|\n|t:|1775960683\n|switch|p1a: Aerodactyl|Aerodactyl, L50, F|100/100\n|-ability|p1a: Aerodactyl|Unnerve\n|turn|4\n|j| pipievgc103\n|\n|t:|1775960701\n|move|p1a: Aerodactyl|Protect|p1a: Aerodactyl\n|-singleturn|p1a: Aerodactyl|Protect\n|move|p1b: Lopunny|Protect|p1b: Lopunny\n|-singleturn|p1b: Lopunny|Protect\n|move|p2a: Sneasler|Close Combat|p1a: Aerodactyl\n|-activate|p1a: Aerodactyl|move: Protect\n|move|p2b: Dragonite|Air Slash|p1a: Aerodactyl\n|-activate|p1a: Aerodactyl|move: Protect\n|\n|-sideend|p2: All Hail Ogerpon|move: Tailwind\n|upkeep\n|turn|5\n|\n|t:|1775960726\n|move|p2a: Sneasler|Close Combat|p1b: Lopunny\n|-supereffective|p1b: Lopunny|1\n|-crit|p1b: Lopunny\n|-damage|p1b: Lopunny|0 fnt\n|-unboost|p2a: Sneasler|def|1\n|-unboost|p2a: Sneasler|spd|1\n|faint|p1b: Lopunny\n|move|p1a: Aerodactyl|Rock Slide|p2b: Dragonite|[spread] p2a,p2b\n|-resisted|p2a: Sneasler|1\n|-supereffective|p2b: Dragonite|1\n|-damage|p2a: Sneasler|7/100\n|-damage|p2b: Dragonite|72/100\n|cant|p2b: Dragonite|flinch\n|\n|upkeep\n|turn|6\n|c|\u2606SnappyDerpyHI|ggs\n|c|\u2606All Hail Ogerpon|gg\n|\n|t:|1775960739\n|move|p2a: Sneasler|Close Combat|p1a: Aerodactyl\n|-damage|p1a: Aerodactyl|2/100\n|-unboost|p2a: Sneasler|def|1\n|-unboost|p2a: Sneasler|spd|1\n|move|p1a: Aerodactyl|Rock Slide|p2a: Sneasler|[spread] p2a,p2b\n|-resisted|p2a: Sneasler|1\n|-supereffective|p2b: Dragonite|1\n|-damage|p2a: Sneasler|0 fnt\n|-damage|p2b: Dragonite|19/100\n|faint|p2a: Sneasler\n|move|p2b: Dragonite|Draco Meteor|p1a: Aerodactyl\n|-damage|p1a: Aerodactyl|0 fnt\n|-unboost|p2b: Dragonite|spa|2\n|faint|p1a: Aerodactyl\n|\n|win|All Hail Ogerpon\n|n|\u2606SnappyDerpyHI|snappyderpyhi\n|n|\u2606All Hail Ogerpon|allhailogerpon\n|n| GalarianDurant|galariandurant\n|n| Easy L's|easyls\n|n| pipievgc103|pipievgc103\n",
  "uploadtime": 1775960746,
  "views": 31,
  "formatid": "gen9championsvgc2026regma",
  "rating": null,
  "private": 0,
  "password": null
}