{
  "id": "gen9championsvgc2026regma-2583233408",
  "format": "[Gen 9 Champions] VGC 2026 Reg M-A",
  "players": [
    "odelpt124",
    "campeondelfitness"
  ],
  "log": "|j|\u2606odelpt124\n|j|\u2606campeondelfitness\n|t:|1776157673\n|gametype|doubles\n|player|p1|odelpt124|gambler|1040\n|player|p2|campeondelfitness|swimmer|1116\n|gen|9\n|tier|[Gen 9 Champions] VGC 2026 Reg M-A\n|rated|\n|rule|Species Clause: Limit one of each Pok\u00e9mon\n|rule|Item Clause: Limit 1 of each item\n|clearpoke\n|poke|p1|Floette-Eternal, L50, F|\n|poke|p1|Whimsicott, L50, F|\n|poke|p1|Ditto, L50|\n|poke|p1|Armarouge, L50, M|\n|poke|p1|Aegislash, L50, F|\n|poke|p1|Starmie, L50|\n|poke|p2|Greninja-*, L50, M|\n|poke|p2|Aerodactyl, L50, F|\n|poke|p2|Tyranitar, L50, F|\n|poke|p2|Sneasler, L50, F|\n|poke|p2|Excadrill, L50, F|\n|poke|p2|Rotom-Mow, L50|\n|teampreview|4\n|inactive|Battle timer is ON: inactive players will automatically lose when time's up. (requested by campeondelfitness)\n|inactive|odelpt124 also wants the timer to be on.\n|\n|t:|1776157698\n|teamsize|p1|4\n|teamsize|p2|4\n|start\n|switch|p1a: Floette|Floette-Eternal, L50, F, shiny|100/100\n|switch|p1b: Whimsicott|Whimsicott, L50, F|100/100\n|switch|p2a: Excadrill|Excadrill, L50, F|100/100\n|switch|p2b: Rotom|Rotom-Mow, L50|100/100\n|turn|1\n|inactive|odelpt124 has 30 seconds left.\n|\n|t:|1776157727\n|switch|p1a: Aegislash|Aegislash, L50, F|100/100\n|move|p1b: Whimsicott|Encore||[still]\n|-fail|p1b: Whimsicott\n|move|p2b: Rotom|Volt Switch|p1a: Aegislash\n|-damage|p1a: Aegislash|72/100\n|\n|t:|1776157742\n|switch|p2b: Tyranitar|Tyranitar, L50, F|100/100|[from] Volt Switch\n|-weather|Sandstorm|[from] ability: Sand Stream|[of] p2b: Tyranitar\n|move|p2a: Excadrill|Iron Head|p1b: Whimsicott\n|-supereffective|p1b: Whimsicott|1\n|-enditem|p1b: Whimsicott|Focus Sash\n|-damage|p1b: Whimsicott|1/100\n|\n|-weather|Sandstorm|[upkeep]\n|-damage|p1b: Whimsicott|0 fnt|[from] Sandstorm\n|faint|p1b: Whimsicott\n|upkeep\n|\n|t:|1776157753\n|switch|p1b: Armarouge|Armarouge, L50, M|100/100\n|turn|2\n|\n|t:|1776157770\n|switch|p2b: Rotom|Rotom-Mow, L50|100/100\n|move|p2a: Excadrill|Earthquake|p1a: Aegislash|[spread] p1a,p1b\n|-immune|p2b: Rotom|[from] ability: Levitate\n|-supereffective|p1a: Aegislash|1\n|-supereffective|p1b: Armarouge|1\n|-damage|p1a: Aegislash|0 fnt\n|-damage|p1b: Armarouge|14/100\n|-ability|p1b: Armarouge|Weak Armor|boost\n|-unboost|p1b: Armarouge|def|1\n|-boost|p1b: Armarouge|spe|2\n|faint|p1a: Aegislash\n|move|p1b: Armarouge|Aura Sphere|p2b: Rotom\n|-damage|p2b: Rotom|60/100\n|\n|-weather|Sandstorm|[upkeep]\n|-damage|p2b: Rotom|55/100|[from] Sandstorm\n|-damage|p1b: Armarouge|8/100|[from] Sandstorm\n|upkeep\n|\n|t:|1776157786\n|switch|p1a: Floette|Floette-Eternal, L50, F, shiny|100/100\n|turn|3\n|\n|t:|1776157795\n|detailschange|p1a: Floette|Floette-Mega, L50, F, shiny\n|-mega|p1a: Floette|Floette|Floettite\n|-ability|p1a: Floette|Fairy Aura\n|move|p2a: Excadrill|Earthquake|p1b: Armarouge|[spread] p1a,p1b\n|-immune|p2b: Rotom|[from] ability: Levitate\n|-crit|p1a: Floette\n|-supereffective|p1b: Armarouge|1\n|-damage|p1a: Floette|17/100\n|-damage|p1b: Armarouge|0 fnt\n|faint|p1b: Armarouge\n|move|p2b: Rotom|Volt Switch|p1a: Floette\n|-damage|p1a: Floette|0 fnt\n|faint|p1a: Floette\n|\n|win|campeondelfitness\n|raw|odelpt124's rating: 1040 &rarr; <strong>1027</strong><br />(-13 for losing)\n|raw|campeondelfitness's rating: 1116 &rarr; <strong>1136</strong><br />(+20 for winning)\n|l|\u2606odelpt124\n|player|p1|\n",
  "uploadtime": 1776157816,
  "views": 24,
  "formatid": "gen9championsvgc2026regma",
  "rating": 1027,
  "private": 0,
  "password": null
}