{
  "id": "gen9championsvgc2026regma-2582464051",
  "format": "[Gen 9 Champions] VGC 2026 Reg M-A",
  "players": [
    "Azmatic1",
    "VanAusdallFarrar"
  ],
  "log": "|j|\u2606Azmatic1\n|j|\u2606VanAusdallFarrar\n|t:|1776093375\n|gametype|doubles\n|player|p1|Azmatic1|101|1206\n|player|p2|VanAusdallFarrar|cameraman|1110\n|gen|9\n|tier|[Gen 9 Champions] VGC 2026 Reg M-A\n|rated|\n|rule|Species Clause: Limit one of each Pok\u00e9mon\n|rule|Item Clause: Limit 1 of each item\n|clearpoke\n|poke|p1|Glimmora, L50, M|\n|poke|p1|Tinkaton, L50, F|\n|poke|p1|Ninetales-Alola, L50, M|\n|poke|p1|Garchomp, L50, F|\n|poke|p1|Corviknight, L50, M|\n|poke|p1|Rotom-Wash, L50|\n|poke|p2|Charizard, L50, F|\n|poke|p2|Venusaur, L50, M|\n|poke|p2|Garchomp, L50, F|\n|poke|p2|Rotom-Wash, L50|\n|poke|p2|Sneasler, L50, M|\n|poke|p2|Incineroar, L50, M|\n|teampreview|4\nVanAusdallFarrar has agreed to open team sheets.\n|inactive|Battle timer is ON: inactive players will automatically lose when time's up. (requested by VanAusdallFarrar)\n|\n|t:|1776093468\n|teamsize|p1|4\n|teamsize|p2|4\n|start\n|switch|p1a: Glimmora|Glimmora, L50, M|100/100\n|switch|p1b: Rotom|Rotom-Wash, L50|100/100\n|switch|p2a: Charizard|Charizard, L50, F|100/100\n|switch|p2b: Garchomp|Garchomp, L50, F|100/100\n|turn|1\n|\n|t:|1776093486\n|detailschange|p2a: Charizard|Charizard-Mega-Y, L50, F\n|-mega|p2a: Charizard|Charizard|Charizardite Y\n|-weather|SunnyDay|[from] ability: Drought|[of] p2a: Charizard\n|detailschange|p1a: Glimmora|Glimmora-Mega, L50, M\n|-mega|p1a: Glimmora|Glimmora|Glimmoranite\n|move|p1a: Glimmora|Spiky Shield|p1a: Glimmora\n|-singleturn|p1a: Glimmora|move: Protect\n|move|p2b: Garchomp|Earthquake|p1b: Rotom|[spread] \n|-activate|p1a: Glimmora|move: Protect\n|-immune|p2a: Charizard\n|-immune|p1b: Rotom|[from] ability: Levitate\n|move|p1b: Rotom|Volt Switch|p2a: Charizard\n|-supereffective|p2a: Charizard|1\n|-damage|p2a: Charizard|31/100\n|\n|t:|1776093501\n|switch|p1b: Ninetales|Ninetales-Alola, L50, M|100/100|[from] Volt Switch\n|-weather|Snowscape|[from] ability: Snow Warning|[of] p1b: Ninetales\n|move|p2a: Charizard|Solar Beam||[still]\n|-prepare|p2a: Charizard|Solar Beam\n|\n|-weather|Snowscape|[upkeep]\n|upkeep\n|turn|2\n|inactive|Azmatic1 has 30 seconds left.\n|inactive|Azmatic1 has 20 seconds left.\n|inactive|Azmatic1 has 15 seconds left.\n|\n|t:|1776093543\n|switch|p1a: Rotom|Rotom-Wash, L50|100/100\n|move|p2b: Garchomp|Earthquake|p1b: Ninetales|[spread] p1b\n|-immune|p2a: Charizard\n|-immune|p1a: Rotom|[from] ability: Levitate\n|-damage|p1b: Ninetales|54/100\n|move|p1b: Ninetales|Blizzard|p2a: Charizard|[spread] p2a,p2b\n|-supereffective|p2b: Garchomp|2\n|-damage|p2a: Charizard|0 fnt\n|-damage|p2b: Garchomp|0 fnt\n|faint|p2a: Charizard\n|faint|p2b: Garchomp\n|\n|-weather|Snowscape|[upkeep]\n|upkeep\n|\n|t:|1776093553\n|switch|p2a: Venusaur|Venusaur, L50, M|100/100\n|switch|p2b: Incineroar|Incineroar, L50, M|100/100\n|-ability|p2b: Incineroar|Intimidate|boost\n|-unboost|p1a: Rotom|atk|1\n|-unboost|p1b: Ninetales|atk|1\n|turn|3\n|\n|t:|1776093571\n|move|p2b: Incineroar|Fake Out|p1b: Ninetales\n|-damage|p1b: Ninetales|39/100\n|move|p1a: Rotom|Volt Switch|p2a: Venusaur\n|-resisted|p2a: Venusaur|1\n|-damage|p2a: Venusaur|81/100\n|\n|t:|1776093582\n|switch|p1a: Corviknight|Corviknight, L50, M|100/100|[from] Volt Switch\n|-ability|p1a: Corviknight|Pressure\n|cant|p1b: Ninetales|flinch\n|move|p2a: Venusaur|Sludge Bomb|p1b: Ninetales\n|-supereffective|p1b: Ninetales|1\n|-damage|p1b: Ninetales|0 fnt\n|faint|p1b: Ninetales\n|\n|-weather|Snowscape|[upkeep]\n|upkeep\n|\n|t:|1776093587\n|switch|p1b: Glimmora|Glimmora-Mega, L50, M|100/100\n|turn|4\n|\n|t:|1776093598\n|move|p1b: Glimmora|Power Gem|p2b: Incineroar\n|-supereffective|p2b: Incineroar|1\n|-damage|p2b: Incineroar|0 fnt\n|faint|p2b: Incineroar\n|move|p2a: Venusaur|Sleep Powder|p1b: Glimmora\n|-status|p1b: Glimmora|slp|[from] move: Sleep Powder\n|move|p1a: Corviknight|Brave Bird|p2a: Venusaur\n|-supereffective|p2a: Venusaur|1\n|-damage|p2a: Venusaur|0 fnt\n|faint|p2a: Venusaur\n|-damage|p1a: Corviknight|80/100|[from] Recoil\n|\n|win|Azmatic1\n|raw|Azmatic1's rating: 1206 &rarr; <strong>1224</strong><br />(+18 for winning)\n|raw|VanAusdallFarrar's rating: 1110 &rarr; <strong>1092</strong><br />(-18 for losing)\n|l|\u2606VanAusdallFarrar\n|player|p2|\n",
  "uploadtime": 1776093604,
  "views": 16,
  "formatid": "gen9championsvgc2026regma",
  "rating": 1092,
  "private": 0,
  "password": null
}