{
  "id": "gen9championsvgc2026regma-2580792732",
  "format": "[Gen 9 Champions] VGC 2026 Reg M-A",
  "players": [
    "yamzinyobooty",
    "YesterdayVGC"
  ],
  "log": "|j|\u2606yamzinyobooty\n|j|\u2606YesterdayVGC\n|t:|1775932896\n|gametype|doubles\n|player|p1|yamzinyobooty|102|1086\n|player|p2|YesterdayVGC|2|1083\n|gen|9\n|tier|[Gen 9 Champions] VGC 2026 Reg M-A\n|rated|\n|rule|Species Clause: Limit one of each Pok\u00e9mon\n|rule|Item Clause: Limit 1 of each item\n|clearpoke\n|poke|p1|Tyranitar, L50, F|\n|poke|p1|Excadrill, L50, F|\n|poke|p1|Rotom-Wash, L50|\n|poke|p1|Basculegion, L50, M|\n|poke|p1|Meganium, L50, M|\n|poke|p1|Talonflame, L50, F|\n|poke|p2|Farigiraf, L50, F|\n|poke|p2|Drampa, L50, F|\n|poke|p2|Torkoal, L50, F|\n|poke|p2|Kingambit, L50, M|\n|poke|p2|Mimikyu, L50, F|\n|poke|p2|Rotom-Wash, L50|\n|teampreview|4\n|inactive|Battle timer is ON: inactive players will automatically lose when time's up. (requested by yamzinyobooty)\n|\n|t:|1775932920\n|teamsize|p1|4\n|teamsize|p2|4\n|start\n|switch|p1a: Rotom|Rotom-Wash, L50, shiny|100/100\n|switch|p1b: Basculegion|Basculegion, L50, M|100/100\n|switch|p2a: Farigiraf|Farigiraf, L50, F|100/100\n|switch|p2b: Rotom|Rotom-Wash, L50|100/100\n|turn|1\n|\n|t:|1775932942\n|move|p1b: Basculegion|Flip Turn|p2b: Rotom\n|-resisted|p2b: Rotom|1\n|-damage|p2b: Rotom|81/100\n|\n|t:|1775932947\n|switch|p1b: Excadrill|Excadrill, L50, F|100/100|[from] Flip Turn\n|move|p1a: Rotom|Volt Switch|p2a: Farigiraf\n|-damage|p2a: Farigiraf|81/100\n|\n|t:|1775932955\n|switch|p1a: Tyranitar|Tyranitar, L50, F|100/100|[from] Volt Switch\n|-weather|Sandstorm|[from] ability: Sand Stream|[of] p1a: Tyranitar\n|move|p2b: Rotom|Volt Switch|p1b: Excadrill\n|-immune|p1b: Excadrill\n|move|p2a: Farigiraf|Trick Room|p2a: Farigiraf\n|-fieldstart|move: Trick Room|[of] p2a: Farigiraf\n|\n|-weather|Sandstorm|[upkeep]\n|-damage|p2a: Farigiraf|75/100|[from] Sandstorm\n|-damage|p2b: Rotom|76/100|[from] Sandstorm\n|upkeep\n|turn|2\n|inactive|YesterdayVGC has 30 seconds left.\n|\n|t:|1775932984\n|switch|p2b: Drampa|Drampa, L50, F|100/100\n|move|p2a: Farigiraf|Foul Play|p1b: Excadrill\n|-damage|p1b: Excadrill|51/100\n|move|p1a: Tyranitar|Knock Off|p2a: Farigiraf\n|-supereffective|p2a: Farigiraf|1\n|-damage|p2a: Farigiraf|0 fnt\n|-enditem|p2a: Farigiraf|Chesto Berry|[from] move: Knock Off|[of] p1a: Tyranitar\n|faint|p2a: Farigiraf\n|move|p1b: Excadrill|Rock Slide|p2b: Drampa\n|-damage|p2b: Drampa|72/100\n|\n|-weather|Sandstorm|[upkeep]\n|-damage|p2b: Drampa|66/100|[from] Sandstorm\n|upkeep\n|\n|t:|1775932996\n|switch|p2a: Rotom|Rotom-Wash, L50|76/100\n|turn|3\n|\n|t:|1775933008\n|detailschange|p2b: Drampa|Drampa-Mega, L50, F\n|-mega|p2b: Drampa|Drampa|Drampanite\n|move|p1b: Excadrill|Protect|p1b: Excadrill\n|-singleturn|p1b: Excadrill|Protect\n|move|p2b: Drampa|Hyper Voice|p1a: Tyranitar|[spread] p1a\n|-activate|p1b: Excadrill|move: Protect\n|-resisted|p1a: Tyranitar|1\n|-damage|p1a: Tyranitar|88/100\n|move|p1a: Tyranitar|Low Kick|p2b: Drampa\n|-supereffective|p2b: Drampa|1\n|-damage|p2b: Drampa|0 fnt\n|faint|p2b: Drampa\n|move|p2a: Rotom|Hydro Pump|p1a: Tyranitar|[miss]\n|-miss|p2a: Rotom|p1a: Tyranitar\n|\n|-weather|Sandstorm|[upkeep]\n|-damage|p2a: Rotom|70/100|[from] Sandstorm\n|upkeep\n|\n|t:|1775933023\n|switch|p2b: Kingambit|Kingambit, L50, M|100/100\n|turn|4\n|-message|YesterdayVGC forfeited.\n|\n|win|yamzinyobooty\n|raw|yamzinyobooty's rating: 1086 &rarr; <strong>1113</strong><br />(+27 for winning)\n|raw|YesterdayVGC's rating: 1083 &rarr; <strong>1061</strong><br />(-22 for losing)\n",
  "uploadtime": 1775933026,
  "views": 10,
  "formatid": "gen9championsvgc2026regma",
  "rating": 1061,
  "private": 0,
  "password": null
}