{
  "id": "gen9championsvgc2026regma-2586271197",
  "format": "[Gen 9 Champions] VGC 2026 Reg M-A",
  "players": [
    "MefShowdown0",
    "hotdiggitydawgs"
  ],
  "log": "|j|\u2606MefShowdown0\n|j|\u2606hotdiggitydawgs\n|t:|1776419750\n|gametype|doubles\n|player|p1|MefShowdown0|selene-masters2|1308\n|player|p2|hotdiggitydawgs|1|1269\n|gen|9\n|tier|[Gen 9 Champions] VGC 2026 Reg M-A\n|rated|\n|rule|Species Clause: Limit one of each Pok\u00e9mon\n|rule|Item Clause: Limit 1 of each item\n|clearpoke\n|poke|p1|Floette-Eternal, L50, F|\n|poke|p1|Aerodactyl, L50, M|\n|poke|p1|Sneasler, L50, M|\n|poke|p1|Incineroar, L50, M|\n|poke|p1|Sinistcha, L50|\n|poke|p1|Milotic, L50, F|\n|poke|p2|Pelipper, L50, F|\n|poke|p2|Archaludon, L50, M|\n|poke|p2|Basculegion, L50, M|\n|poke|p2|Meganium, L50, M|\n|poke|p2|Incineroar, L50, F|\n|poke|p2|Sinistcha, L50|\n|teampreview|4\n|inactive|Battle timer is ON: inactive players will automatically lose when time's up. (requested by MefShowdown0)\n|\n|t:|1776419789\n|teamsize|p1|4\n|teamsize|p2|4\n|start\n|switch|p1a: Floette|Floette-Eternal, L50, F|100/100\n|switch|p1b: Sneasler|Sneasler, L50, M|100/100\n|switch|p2a: Pelipper|Pelipper, L50, F|100/100\n|switch|p2b: Archaludon|Archaludon, L50, M|100/100\n|-weather|RainDance|[from] ability: Drizzle|[of] p2a: Pelipper\n|turn|1\n|\n|t:|1776419813\n|detailschange|p1a: Floette|Floette-Mega, L50, F\n|-mega|p1a: Floette|Floette|Floettite\n|-ability|p1a: Floette|Fairy Aura\n|move|p2b: Archaludon|Protect|p2b: Archaludon\n|-singleturn|p2b: Archaludon|Protect\n|move|p1b: Sneasler|Fake Out|p2a: Pelipper\n|-damage|p2a: Pelipper|79/100\n|cant|p2a: Pelipper|flinch\n|move|p1a: Floette|Calm Mind|p1a: Floette\n|-boost|p1a: Floette|spa|1\n|-boost|p1a: Floette|spd|1\n|\n|-weather|RainDance|[upkeep]\n|upkeep\n|turn|2\n|inactive|MefShowdown0 has 30 seconds left.\n|inactive|MefShowdown0 has 20 seconds left.\n|\n|t:|1776419852\n|move|p1b: Sneasler|Close Combat|p2b: Archaludon\n|-supereffective|p2b: Archaludon|1\n|-damage|p2b: Archaludon|0 fnt\n|-unboost|p1b: Sneasler|def|1\n|-unboost|p1b: Sneasler|spd|1\n|faint|p2b: Archaludon\n|-enditem|p1b: Sneasler|White Herb\n|-clearnegativeboost|p1b: Sneasler|[silent]\n|move|p2a: Pelipper|Tailwind|p2a: Pelipper\n|-sidestart|p2: hotdiggitydawgs|move: Tailwind\n|move|p1a: Floette|Draining Kiss|p2a: Pelipper\n|-damage|p2a: Pelipper|0 fnt\n|faint|p2a: Pelipper\n|\n|-weather|RainDance|[upkeep]\n|upkeep\n|-message|hotdiggitydawgs forfeited.\n|\n|win|MefShowdown0\n|raw|MefShowdown0's rating: 1308 &rarr; <strong>1326</strong><br />(+18 for winning)\n|raw|hotdiggitydawgs's rating: 1269 &rarr; <strong>1247</strong><br />(-22 for losing)\n",
  "uploadtime": 1776419876,
  "views": 47,
  "formatid": "gen9championsvgc2026regma",
  "rating": 1247,
  "private": 0,
  "password": null
}