{
  "id": "gen9championsvgc2026regma-2584537552",
  "format": "[Gen 9 Champions] VGC 2026 Reg M-A",
  "players": [
    "aks64",
    "64t"
  ],
  "log": "|j|\u2606aks64\n|j|\u260664t\n|t:|1776267347\n|gametype|doubles\n|player|p1|aks64|101|1000\n|player|p2|64t|170|1045\n|gen|9\n|tier|[Gen 9 Champions] VGC 2026 Reg M-A\n|rated|\n|rule|Species Clause: Limit one of each Pok\u00e9mon\n|rule|Item Clause: Limit 1 of each item\n|clearpoke\n|poke|p1|Emolga, L50, M|\n|poke|p1|Palafin, L50, F|\n|poke|p1|Floette-Eternal, L50, F|\n|poke|p1|Armarouge, L50, F|\n|poke|p1|Goodra-Hisui, L50, M|\n|poke|p1|Alcremie, L50, F|\n|poke|p2|Scizor, L50, F|\n|poke|p2|Pelipper, L50, M|\n|poke|p2|Incineroar, L50, M|\n|poke|p2|Dragapult, L50, F|\n|poke|p2|Maushold-Four, L50|\n|poke|p2|Tsareena, L50, F|\n|teampreview|4\n|inactive|Battle timer is ON: inactive players will automatically lose when time's up. (requested by aks64)\n|inactive|64t has 60 seconds left.\n|\n|t:|1776267410\n|teamsize|p1|4\n|teamsize|p2|4\n|start\n|switch|p1a: Emolga|Emolga, L50, M, shiny|100/100\n|switch|p1b: Alcremie|Alcremie, L50, F, shiny|100/100\n|switch|p2a: Incineroar|Incineroar, L50, M|100/100\n|switch|p2b: Pelipper|Pelipper, L50, M|100/100\n|-weather|RainDance|[from] ability: Drizzle|[of] p2b: Pelipper\n|-ability|p2a: Incineroar|Intimidate|boost\n|-unboost|p1a: Emolga|atk|1\n|-unboost|p1b: Alcremie|atk|1\n|-enditem|p1b: Alcremie|White Herb\n|-clearnegativeboost|p1b: Alcremie|[silent]\n|turn|1\n|inactive|aks64 has 30 seconds left.\n|\n|t:|1776267441\n|move|p1b: Alcremie|Protect|p1b: Alcremie\n|-singleturn|p1b: Alcremie|Protect\n|move|p2a: Incineroar|Fake Out|p1a: Emolga\n|-damage|p1a: Emolga|81/100\n|cant|p1a: Emolga|flinch\n|move|p2b: Pelipper|Tailwind|p2b: Pelipper\n|-sidestart|p2: 64t|move: Tailwind\n|\n|-weather|RainDance|[upkeep]\n|upkeep\n|turn|2\n|inactive|aks64 has 30 seconds left.\n|inactive|aks64 has 20 seconds left.\n|inactive|64t has 30 seconds left.\n|-message|aks64 forfeited.\n|\n|win|64t\n|raw|aks64's rating: 1000 &rarr; <strong>1000</strong><br />(+0 for losing)\n|raw|64t's rating: 1045 &rarr; <strong>1074</strong><br />(+29 for winning)\n|l|\u2606aks64\n|player|p1|\n",
  "uploadtime": 1776267482,
  "views": 21,
  "formatid": "gen9championsvgc2026regma",
  "rating": 1000,
  "private": 0,
  "password": null
}