{
  "id": "gen9championsvgc2026regma-2585379833",
  "format": "[Gen 9 Champions] VGC 2026 Reg M-A",
  "players": [
    "Dbzone9001",
    "cabrino"
  ],
  "log": "|j|\u2606Dbzone9001\n|j|\u2606cabrino\n|t:|1776342893\n|gametype|doubles\n|player|p1|Dbzone9001|265|1439\n|player|p2|cabrino|depotagent|1475\n|gen|9\n|tier|[Gen 9 Champions] VGC 2026 Reg M-A\n|rated|\n|rule|Species Clause: Limit one of each Pok\u00e9mon\n|rule|Item Clause: Limit 1 of each item\n|clearpoke\n|poke|p1|Garchomp, L50, M|\n|poke|p1|Whimsicott, L50, M|\n|poke|p1|Milotic, L50, F|\n|poke|p1|Charizard, L50, M|\n|poke|p1|Venusaur, L50, M|\n|poke|p1|Orthworm, L50, M|\n|poke|p2|Aerodactyl, L50, F|\n|poke|p2|Sneasler, L50, M|\n|poke|p2|Kingambit, L50, M|\n|poke|p2|Garchomp, L50, F|\n|poke|p2|Basculegion, L50, M|\n|poke|p2|Charizard, L50, M|\n|teampreview|4\n|inactive|Battle timer is ON: inactive players will automatically lose when time's up. (requested by Dbzone9001)\n|\n|t:|1776342940\n|teamsize|p1|4\n|teamsize|p2|4\n|start\n|switch|p1a: Milotic|Milotic, L50, F|100/100\n|switch|p1b: Garchomp|Garchomp, L50, M|100/100\n|switch|p2a: AeroNarfi|Aerodactyl, L50, F, shiny|100/100\n|switch|p2b: Garchalipe|Garchomp, L50, F|100/100\n|-ability|p2a: AeroNarfi|Unnerve\n|turn|1\n|\n|t:|1776342957\n|move|p1b: Garchomp|Rock Slide|p2b: Garchalipe|[spread] p2a,p2b\n|-supereffective|p2a: AeroNarfi|1\n|-resisted|p2b: Garchalipe|1\n|-damage|p2a: AeroNarfi|25/100\n|-damage|p2b: Garchalipe|88/100\n|cant|p2a: AeroNarfi|flinch\n|cant|p2b: Garchalipe|flinch\n|move|p1a: Milotic|Icy Wind|p2b: Garchalipe|[spread] p2a\n|-miss|p1a: Milotic|p2b: Garchalipe\n|-supereffective|p2a: AeroNarfi|1\n|-damage|p2a: AeroNarfi|0 fnt\n|faint|p2a: AeroNarfi\n|\n|upkeep\n|-message|cabrino forfeited.\n|\n|win|Dbzone9001\n|raw|Dbzone9001's rating: 1439 &rarr; <strong>1461</strong><br />(+22 for winning)\n|raw|cabrino's rating: 1475 &rarr; <strong>1453</strong><br />(-22 for losing)\n|j| power404\n|l| power404\n|l|\u2606Dbzone9001\n|player|p1|\n|l|\u2606cabrino\n|player|p2|\n",
  "uploadtime": 1776343303,
  "views": 51,
  "formatid": "gen9championsvgc2026regma",
  "rating": 1453,
  "private": 0,
  "password": null
}