{
  "id": "gen9championsvgc2026regma-2584747870",
  "format": "[Gen 9 Champions] VGC 2026 Reg M-A",
  "players": [
    "Wolfe Flick",
    "Murphy's kitchen"
  ],
  "log": "|j|\u2606Wolfe Flick\n|j|\u2606Murphy's kitchen\n|t:|1776280851\n|gametype|doubles\n|player|p1|Wolfe Flick|leon-tower|1548\n|player|p2|Murphy's kitchen|102|1617\n|gen|9\n|tier|[Gen 9 Champions] VGC 2026 Reg M-A\n|rated|\n|rule|Species Clause: Limit one of each Pok\u00e9mon\n|rule|Item Clause: Limit 1 of each item\n|clearpoke\n|poke|p1|Aerodactyl, L50, F|\n|poke|p1|Meganium, L50, M|\n|poke|p1|Aegislash, L50, F|\n|poke|p1|Delphox, L50, M|\n|poke|p1|Sneasler, L50, M|\n|poke|p1|Garchomp, L50, M|\n|poke|p2|Basculegion, L50, M|\n|poke|p2|Aerodactyl, L50, F|\n|poke|p2|Kommo-o, L50, M|\n|poke|p2|Scovillain, L50, F|\n|poke|p2|Scizor, L50, F|\n|poke|p2|Sneasler, L50, M|\n|teampreview|4\n|inactive|Battle timer is ON: inactive players will automatically lose when time's up. (requested by Murphy's kitchen)\n|\n|t:|1776280930\n|teamsize|p1|4\n|teamsize|p2|4\n|start\n|switch|p1a: Delphox|Delphox, L50, M|100/100\n|switch|p1b: Sneasler|Sneasler, L50, M|100/100\n|switch|p2a: Aerodactyl|Aerodactyl, L50, F|100/100\n|switch|p2b: Basculegion|Basculegion, L50, M|100/100\n|-ability|p2a: Aerodactyl|Unnerve\n|turn|1\n|\n|t:|1776280955\n|switch|p1a: Garchomp|Garchomp, L50, M|100/100\n|move|p2a: Aerodactyl|Protect|p2a: Aerodactyl\n|-singleturn|p2a: Aerodactyl|Protect\n|move|p1b: Sneasler|Close Combat|p2a: Aerodactyl\n|-activate|p2a: Aerodactyl|move: Protect\n|move|p2b: Basculegion|Wave Crash|p1a: Garchomp\n|-damage|p1a: Garchomp|23/100\n|-damage|p2b: Basculegion|88/100|[from] ability: Rough Skin|[of] p1a: Garchomp\n|-damage|p2b: Basculegion|64/100|[from] Recoil\n|\n|upkeep\n|turn|2\n|inactive|Wolfe Flick has 30 seconds left.\n|\n|t:|1776280987\n|move|p2b: Basculegion|Aqua Jet|p1a: Garchomp\n|-damage|p1a: Garchomp|0 fnt\n|-damage|p2b: Basculegion|52/100|[from] ability: Rough Skin|[of] p1a: Garchomp\n|faint|p1a: Garchomp\n|move|p2a: Aerodactyl|Dual Wingbeat|p1b: Sneasler\n|-supereffective|p1b: Sneasler|1\n|-damage|p1b: Sneasler|31/100\n|-supereffective|p1b: Sneasler|1\n|-damage|p1b: Sneasler|0 fnt\n|faint|p1b: Sneasler\n|-hitcount|p1: Sneasler|2\n|\n|upkeep\n|-message|Wolfe Flick forfeited.\n|\n|win|Murphy's kitchen\n|raw|Wolfe Flick's rating: 1548 &rarr; <strong>1532</strong><br />(-16 for losing)\n|raw|Murphy&apos;s kitchen's rating: 1617 &rarr; <strong>1633</strong><br />(+16 for winning)\n|l|\u2606Wolfe Flick\n|player|p1|\n",
  "uploadtime": 1776281003,
  "views": 86,
  "formatid": "gen9championsvgc2026regma",
  "rating": 1532,
  "private": 0,
  "password": null
}