{
  "id": "gen9championsvgc2026regma-2587295376",
  "format": "[Gen 9 Champions] VGC 2026 Reg M-A",
  "players": [
    "sir crying alot",
    "Nomad3929"
  ],
  "log": "|j|\u2606sir crying alot\n|j|\u2606Nomad3929\n|t:|1776519309\n|gametype|doubles\n|player|p1|sir crying alot|harlequin|1272\n|player|p2|Nomad3929|nate|1310\n|gen|9\n|tier|[Gen 9 Champions] VGC 2026 Reg M-A\n|rated|\n|rule|Species Clause: Limit one of each Pok\u00e9mon\n|rule|Item Clause: Limit 1 of each item\n|clearpoke\n|poke|p1|Starmie, L50|\n|poke|p1|Kingambit, L50, F|\n|poke|p1|Pelipper, L50, F|\n|poke|p1|Maushold, L50|\n|poke|p1|Dragonite, L50, F|\n|poke|p1|Rotom-Mow, L50|\n|poke|p2|Hawlucha, L50, M|\n|poke|p2|Excadrill, L50, M|\n|poke|p2|Tyranitar, L50, F|\n|poke|p2|Incineroar, L50, F|\n|poke|p2|Aerodactyl, L50, M|\n|poke|p2|Orthworm, L50, F|\n|teampreview|4\n|inactive|Battle timer is ON: inactive players will automatically lose when time's up. (requested by Nomad3929)\n|inactive|Nomad3929 has 60 seconds left.\n|inactive|Nomad3929 has 30 seconds left.\n|\n|t:|1776519378\n|teamsize|p1|4\n|teamsize|p2|4\n|start\n|switch|p1a: Kingambit|Kingambit, L50, F|100/100\n|switch|p1b: Rotom|Rotom-Mow, L50|100/100\n|switch|p2a: Aerodactyl|Aerodactyl, L50, M|100/100\n|switch|p2b: Orthworm|Orthworm, L50, F|100/100\n|-ability|p2a: Aerodactyl|Unnerve\n|turn|1\n|\n|t:|1776519399\n|move|p2a: Aerodactyl|Dual Wingbeat|p1b: Rotom\n|-damage|p1b: Rotom|77/100\n|-damage|p1b: Rotom|53/100\n|-hitcount|p1b: Rotom|2\n|move|p1b: Rotom|Volt Switch|p2a: Aerodactyl\n|-supereffective|p2a: Aerodactyl|1\n|-enditem|p2a: Aerodactyl|Focus Sash\n|-damage|p2a: Aerodactyl|1/100\n|\n|t:|1776519403\n|switch|p1b: Dragonite|Dragonite, L50, F|100/100|[from] Volt Switch\n|move|p2b: Orthworm|Shed Tail|p2b: Orthworm\n|-start|p2b: Orthworm|Substitute|[from] move: Shed Tail\n|-damage|p2b: Orthworm|50/100\n|\n|t:|1776519412\n|switch|p2b: Hawlucha|Hawlucha, L50, M|100/100|[from] Shed Tail\n|move|p1a: Kingambit|Iron Head|p2b: Hawlucha\n|-end|p2b: Hawlucha|Substitute\n|\n|upkeep\n|turn|2\n|\n|t:|1776519426\n|detailschange|p2b: Hawlucha|Hawlucha-Mega, L50, M\n|-mega|p2b: Hawlucha|Hawlucha|Hawluchanite\n|detailschange|p1b: Dragonite|Dragonite-Mega, L50, F\n|-mega|p1b: Dragonite|Dragonite|Dragoninite\n|move|p1a: Kingambit|Protect|p1a: Kingambit\n|-singleturn|p1a: Kingambit|Protect\n|move|p2a: Aerodactyl|Tailwind|p2a: Aerodactyl\n|-sidestart|p2: Nomad3929|move: Tailwind\n|move|p2b: Hawlucha|Swords Dance|p2b: Hawlucha\n|-boost|p2b: Hawlucha|atk|2\n|move|p1b: Dragonite|Hurricane|p2b: Hawlucha\n|-supereffective|p2b: Hawlucha|1\n|-damage|p2b: Hawlucha|0 fnt\n|faint|p2b: Hawlucha\n|\n|upkeep\n|-message|Nomad3929 forfeited.\n|\n|win|sir crying alot\n|raw|sir crying alot's rating: 1272 &rarr; <strong>1300</strong><br />(+28 for winning)\n|raw|Nomad3929's rating: 1310 &rarr; <strong>1288</strong><br />(-22 for losing)\n",
  "uploadtime": 1776519446,
  "views": 24,
  "formatid": "gen9championsvgc2026regma",
  "rating": 1288,
  "private": 0,
  "password": null
}