{
  "id": "gen9championsvgc2026regma-2581323923",
  "format": "[Gen 9 Champions] VGC 2026 Reg M-A",
  "players": [
    "siunhanech",
    "Juytre"
  ],
  "log": "|j|\u2606siunhanech\n|j|\u2606Juytre\n|t:|1775986694\n|gametype|doubles\n|player|p1|siunhanech|cynthia-gen4|1369\n|player|p2|Juytre|roxie-masters|1408\n|gen|9\n|tier|[Gen 9 Champions] VGC 2026 Reg M-A\n|rated|\n|rule|Species Clause: Limit one of each Pok\u00e9mon\n|rule|Item Clause: Limit 1 of each item\n|clearpoke\n|poke|p1|Incineroar, L50, F|\n|poke|p1|Garchomp, L50, F|\n|poke|p1|Rotom-Wash, L50|\n|poke|p1|Orthworm, L50, F|\n|poke|p1|Basculegion, L50, M|\n|poke|p1|Froslass, L50, F|\n|poke|p2|Meganium, L50, M|\n|poke|p2|Pelipper, L50, F|\n|poke|p2|Dragonite, L50, F|\n|poke|p2|Sneasler, L50, F|\n|poke|p2|Basculegion, L50, M|\n|poke|p2|Archaludon, L50, M|\n|teampreview|4\n|inactive|Battle timer is ON: inactive players will automatically lose when time's up. (requested by siunhanech)\n|j| gE1xjZRtuhW2DdT0AK\n|\n|t:|1775986726\n|teamsize|p1|4\n|teamsize|p2|4\n|start\n|switch|p1a: C\u00e1 m\u1eadp b\u00e9o|Garchomp, L50, F|100/100\n|switch|p1b: M\u00e1y gi\u1eb7t b\u00e9o|Rotom-Wash, L50, shiny|100/100\n|switch|p2a: Sneasler|Sneasler, L50, F|100/100\n|switch|p2b: Archaludon|Archaludon, L50, M|100/100\n|turn|1\n|\n|t:|1775986745\n|move|p1a: C\u00e1 m\u1eadp b\u00e9o|Protect|p1a: C\u00e1 m\u1eadp b\u00e9o\n|-singleturn|p1a: C\u00e1 m\u1eadp b\u00e9o|Protect\n|move|p2a: Sneasler|Fake Out|p1a: C\u00e1 m\u1eadp b\u00e9o\n|-activate|p1a: C\u00e1 m\u1eadp b\u00e9o|move: Protect\n|move|p1b: M\u00e1y gi\u1eb7t b\u00e9o|Eerie Impulse|p2b: Archaludon\n|-unboost|p2b: Archaludon|spa|2\n|move|p2b: Archaludon|Draco Meteor|p1a: C\u00e1 m\u1eadp b\u00e9o\n|-activate|p1a: C\u00e1 m\u1eadp b\u00e9o|move: Protect\n|\n|upkeep\n|turn|2\n|l|\u2606siunhanech\n|inactive|siunhanech disconnected and has a minute to reconnect!\n|player|p1|\n|inactive|siunhanech has 30 seconds left.\n|inactive|Juytre has 30 seconds left.\n|j| TimescapedDutchman\n|inactive|siunhanech has 20 seconds left.\n|inactive|siunhanech has 15 seconds left.\n|inactive|siunhanech has 10 seconds left.\n|inactive|siunhanech has 5 seconds left.\n|l| TimescapedDutchman\n|-message|siunhanech lost due to inactivity.\n|\n|win|Juytre\n|raw|siunhanech's rating: 1369 &rarr; <strong>1351</strong><br />(-18 for losing)\n|raw|Juytre's rating: 1408 &rarr; <strong>1426</strong><br />(+18 for winning)\n|j|\u2606siunhanech\n|player|p1|siunhanech|cynthia-gen4|\n|l|\u2606siunhanech\n|player|p1|\n",
  "uploadtime": 1775986861,
  "views": 41,
  "formatid": "gen9championsvgc2026regma",
  "rating": 1351,
  "private": 0,
  "password": null
}