{
  "id": "gen9championsvgc2026regma-2583719567",
  "format": "[Gen 9 Champions] VGC 2026 Reg M-A",
  "players": [
    "callmehavoc",
    "conker009"
  ],
  "log": "|j|\u2606callmehavoc\n|j|\u2606conker009\n|t:|1776193072\n|gametype|doubles\n|player|p1|callmehavoc|bugcatcher-gen4dp|1077\n|player|p2|conker009|101|1023\n|gen|9\n|tier|[Gen 9 Champions] VGC 2026 Reg M-A\n|rated|\n|rule|Species Clause: Limit one of each Pok\u00e9mon\n|rule|Item Clause: Limit 1 of each item\n|clearpoke\n|poke|p1|Abomasnow, L50, F|\n|poke|p1|Machamp, L50, M|\n|poke|p1|Cofagrigus, L50, M|\n|poke|p1|Milotic, L50, M|\n|poke|p1|Drampa, L50, F|\n|poke|p1|Arcanine-Hisui, L50, F|\n|poke|p2|Lycanroc-Dusk, L50, F|\n|poke|p2|Pelipper, L50, M|\n|poke|p2|Dragapult, L50, M|\n|poke|p2|Quaquaval, L50, M|\n|poke|p2|Gardevoir, L50, F|\n|poke|p2|Chesnaught, L50, F|\n|teampreview|4\n|\n|t:|1776193104\n|teamsize|p1|4\n|teamsize|p2|4\n|start\n|switch|p1a: Abomasnow|Abomasnow, L50, F|100/100\n|switch|p1b: Cofagrigus|Cofagrigus, L50, M|100/100\n|switch|p2a: Pelipper|Pelipper, L50, M|100/100\n|switch|p2b: Quaquaval|Quaquaval, L50, M|100/100\n|-weather|RainDance|[from] ability: Drizzle|[of] p2a: Pelipper\n|-weather|Snowscape|[from] ability: Snow Warning|[of] p1a: Abomasnow\n|turn|1\n|\n|t:|1776193126\n|detailschange|p1a: Abomasnow|Abomasnow-Mega, L50, F\n|-mega|p1a: Abomasnow|Abomasnow|Abomasite\n|move|p2b: Quaquaval|Close Combat|p1a: Abomasnow\n|-supereffective|p1a: Abomasnow|1\n|-crit|p1a: Abomasnow\n|-damage|p1a: Abomasnow|0 fnt\n|-unboost|p2b: Quaquaval|def|1\n|-unboost|p2b: Quaquaval|spd|1\n|faint|p1a: Abomasnow\n|-ability|p2b: Quaquaval|Moxie|boost\n|-boost|p2b: Quaquaval|atk|1\n|move|p2a: Pelipper|Hurricane|p1b: Cofagrigus\n|-damage|p1b: Cofagrigus|58/100\n|-start|p1b: Cofagrigus|confusion\n|-activate|p1b: Cofagrigus|confusion\n|-damage|p1b: Cofagrigus|54/100|[from] confusion\n|\n|-weather|Snowscape|[upkeep]\n|upkeep\n|-message|callmehavoc forfeited.\n|\n|win|conker009\n|raw|callmehavoc's rating: 1077 &rarr; <strong>1052</strong><br />(-25 for losing)\n|raw|conker009's rating: 1023 &rarr; <strong>1065</strong><br />(+42 for winning)\n",
  "uploadtime": 1776193155,
  "views": 16,
  "formatid": "gen9championsvgc2026regma",
  "rating": 1052,
  "private": 0,
  "password": null
}