{
  "id": "gen9championsvgc2026regma-2588960561",
  "format": "[Gen 9 Champions] VGC 2026 Reg M-A",
  "players": [
    "Tamejo",
    "lteg"
  ],
  "log": "|j|\u2606Tamejo\n|j|\u2606lteg\n|html|<table width=\"100%\"><tr><td align=\"left\">Tamejo</td><td align=\"right\">lteg</tr><tr><td align=\"left\"><i class=\"fa fa-circle-o\"></i> <i class=\"fa fa-circle-o\"></i> </td><td align=\"right\"><i class=\"fa fa-circle-o\"></i> <i class=\"fa fa-circle-o\"></i> </tr></table>\n|uhtml|bestof|<h2><strong>Game 1</strong> of <a href=\"/game-bestof3-gen9championsvgc2026regma-2588960560\">a best-of-3</a></h2>\n|t:|1776689675\n|gametype|doubles\n|player|p1|Tamejo|caitlin|\n|player|p2|lteg|leon|\n|gen|9\n|tier|[Gen 9 Champions] VGC 2026 Reg M-A\n|rated|Tournament battle\n|rule|Species Clause: Limit one of each Pok\u00e9mon\n|rule|Item Clause: Limit 1 of each item\n|raw|<div class=\"infobox\"><details class=\"readmore\" open><summary><strong>2 custom rules:</strong></summary> Force Open Team Sheets, Best of = 3</details></div>\n|clearpoke\n|poke|p1|Dragapult, L50, M|\n|poke|p1|Sylveon, L50, F|\n|poke|p1|Whimsicott, L50, F|\n|poke|p1|Glimmora, L50, F|\n|poke|p1|Charizard, L50, F|\n|poke|p1|Kingambit, L50, F|\n|poke|p2|Corviknight, L50, F, shiny|\n|poke|p2|Excadrill, L50, M|\n|poke|p2|Rotom-Wash, L50|\n|poke|p2|Tyranitar, L50, M|\n|poke|p2|Dragapult, L50, M|\n|poke|p2|Gyarados, L50, M|\n|teampreview|4\n|showteam|p1|Dragapult||ColburBerry|ClearBody|DragonDarts,PhantomForce,Uturn,Protect|||M|||50|]Sylveon||Leftovers|Pixilate|HyperVoice,MysticalFire,CalmMind,Protect|||F|||50|]Whimsicott||FocusSash|Prankster|Tailwind,Moonblast,Encore,SunnyDay|||F|||50|]Glimmora||Glimmoranite|ToxicDebris|PowerGem,SludgeBomb,EarthPower,SpikyShield|||F|||50|]Charizard||CharizarditeY|Blaze|HeatWave,WeatherBall,SolarBeam,Protect|||F|||50|]Kingambit||ChopleBerry|Defiant|KowtowCleave,SuckerPunch,IronHead,LowKick|||F|||50|\n|showteam|p2|Corviknight||Leftovers|MirrorArmor|Tailwind,Roost,DrillPeck,Uturn|||F|||50|]Excadrill||FocusSash|SandRush|RockSlide,IronHead,DrillRun,Protect|||M|||50|]Rotom-Wash||Magnet|Levitate|WillOWisp,VoltSwitch,Thunderbolt,ShadowBall||||||50|]Tyranitar||Tyranitarite|SandStream|RockSlide,Crunch,Protect,Facade|||M|||50|]Dragapult||DragonFang|ClearBody|DragonDarts,ThunderWave,Protect,SuckerPunch|||M|||50|]Gyarados||SitrusBerry|Intimidate|Waterfall,ThunderWave,HelpingHand,IcyWind|||M|||50|\n|inactive|Battle timer is ON: inactive players will automatically lose when time's up. (requested by lteg)\n|inactive|Tamejo has 60 seconds left.\n|inactive|Tamejo has 30 seconds left.\n|inactive|Tamejo has 20 seconds left.\n|inactive|Tamejo has 15 seconds left.\n|inactive|Tamejo has 10 seconds left.\n|inactive|Tamejo has 5 seconds left.\n|\n|t:|1776689765\n|teamsize|p1|4\n|teamsize|p2|4\n|start\n|switch|p1a: Whimsicott|Whimsicott, L50, F|100/100\n|switch|p1b: Kingambit|Kingambit, L50, F|100/100\n|switch|p2a: Rotom|Rotom-Wash, L50|100/100\n|switch|p2b: Excadrill|Excadrill, L50, M|100/100\n|turn|1\n|inactive|Tamejo has 30 seconds left.\n|inactive|Tamejo has 20 seconds left.\n|inactive|Tamejo has 15 seconds left.\n|inactive|Tamejo has 10 seconds left.\n|\n|t:|1776689811\n|move|p1a: Whimsicott|Tailwind|p1a: Whimsicott\n|-sidestart|p1: Tamejo|move: Tailwind\n|move|p2b: Excadrill|Iron Head|p1a: Whimsicott\n|-supereffective|p1a: Whimsicott|1\n|-enditem|p1a: Whimsicott|Focus Sash\n|-damage|p1a: Whimsicott|1/100\n|move|p1b: Kingambit|Low Kick|p2b: Excadrill\n|-supereffective|p2b: Excadrill|1\n|-damage|p2b: Excadrill|36/100\n|move|p2a: Rotom|Volt Switch|p1a: Whimsicott\n|-resisted|p1a: Whimsicott|1\n|-damage|p1a: Whimsicott|0 fnt\n|faint|p1a: Whimsicott\n|\n|t:|1776689824\n|switch|p2a: Dragapult|Dragapult, L50, M|100/100|[from] Volt Switch\n|\n|upkeep\n|\n|t:|1776689836\n|switch|p1a: Dragapult|Dragapult, L50, M|100/100\n|turn|2\n|\n|t:|1776689849\n|move|p2b: Excadrill|Protect|p2b: Excadrill\n|-singleturn|p2b: Excadrill|Protect\n|move|p2a: Dragapult|Sucker Punch|p1a: Dragapult\n|-supereffective|p1a: Dragapult|1\n|-enditem|p1a: Dragapult|Colbur Berry|[eat]\n|-enditem|p1a: Dragapult|Colbur Berry|[weaken]\n|-damage|p1a: Dragapult|70/100\n|move|p1a: Dragapult|Phantom Force||[still]\n|-prepare|p1a: Dragapult|Phantom Force\n|move|p1b: Kingambit|Kowtow Cleave|p2a: Dragapult\n|-supereffective|p2a: Dragapult|1\n|-damage|p2a: Dragapult|0 fnt\n|faint|p2a: Dragapult\n|\n|upkeep\n|\n|t:|1776689859\n|switch|p2a: Rotom|Rotom-Wash, L50|100/100\n|turn|3\n|\n|t:|1776689870\n|move|p1a: Dragapult|Phantom Force|p2b: Excadrill|[from] lockedmove\n|-damage|p2b: Excadrill|0 fnt\n|faint|p2b: Excadrill\n|move|p1b: Kingambit|Kowtow Cleave|p2a: Rotom\n|-damage|p2a: Rotom|30/100\n|move|p2a: Rotom|Shadow Ball|p1a: Dragapult\n|-supereffective|p1a: Dragapult|1\n|-damage|p1a: Dragapult|0 fnt\n|faint|p1a: Dragapult\n|\n|upkeep\n|\n|t:|1776689878\n|switch|p1a: Glimmora|Glimmora, L50, F|100/100\n|switch|p2b: Tyranitar|Tyranitar, L50, M|100/100\n|-weather|Sandstorm|[from] ability: Sand Stream|[of] p2b: Tyranitar\n|turn|4\n|\n|t:|1776689889\n|detailschange|p1a: Glimmora|Glimmora-Mega, L50, F\n|-mega|p1a: Glimmora|Glimmora|Glimmoranite\n|detailschange|p2b: Tyranitar|Tyranitar-Mega, L50, M\n|-mega|p2b: Tyranitar|Tyranitar|Tyranitarite\n|move|p1a: Glimmora|Sludge Bomb|p2a: Rotom\n|-damage|p2a: Rotom|0 fnt\n|faint|p2a: Rotom\n|move|p1b: Kingambit|Low Kick|p2b: Tyranitar\n|-supereffective|p2b: Tyranitar|2\n|-damage|p2b: Tyranitar|0 fnt\n|faint|p2b: Tyranitar\n|\n|win|Tamejo\n||lteg is ready for game 2.\n|l|\u2606lteg\n|player|p2|\n||Tamejo is ready for game 2.\n|uhtml|next|Next: <a href=\"/battle-gen9championsvgc2026regma-2588963254\"><strong>Game 2 of 3</strong></a>\n",
  "uploadtime": 1776690166,
  "views": 1,
  "formatid": "gen9championsvgc2026regma",
  "rating": null,
  "private": 0,
  "password": null
}