{
  "id": "gen9championsvgc2026regma-2582365214",
  "format": "[Gen 9 Champions] VGC 2026 Reg M-A",
  "players": [
    "Tenjay",
    "Markiito18"
  ],
  "log": "|j|\u2606Tenjay\n|j|\u2606Markiito18\n|t:|1776086688\n|gametype|doubles\n|player|p1|Tenjay|101|1177\n|player|p2|Markiito18|rood|1208\n|gen|9\n|tier|[Gen 9 Champions] VGC 2026 Reg M-A\n|rated|\n|rule|Species Clause: Limit one of each Pok\u00e9mon\n|rule|Item Clause: Limit 1 of each item\n|clearpoke\n|poke|p1|Lucario, L50, F|\n|poke|p1|Tsareena, L50, F|\n|poke|p1|Ninetales-Alola, L50, F|\n|poke|p1|Vivillon, L50, M|\n|poke|p1|Tyranitar, L50, F|\n|poke|p1|Excadrill, L50, F|\n|poke|p2|Sinistcha, L50|\n|poke|p2|Sneasler, L50, M|\n|poke|p2|Tyranitar, L50, M|\n|poke|p2|Tsareena, L50, F|\n|poke|p2|Incineroar, L50, M|\n|poke|p2|Excadrill, L50, M|\n|teampreview|4\n|\n|t:|1776086730\n|teamsize|p1|4\n|teamsize|p2|4\n|start\n|switch|p1a: Lucario|Lucario, L50, F|100/100\n|switch|p1b: Tsareena|Tsareena, L50, F|100/100\n|switch|p2a: Incineroar|Incineroar, L50, M, shiny|100/100\n|switch|p2b: Sneasler|Sneasler, L50, M, shiny|100/100\n|-ability|p2a: Incineroar|Intimidate|boost\n|-unboost|p1a: Lucario|atk|1\n|-unboost|p1b: Tsareena|atk|1\n|turn|1\n|\n|t:|1776086782\n|detailschange|p1a: Lucario|Lucario-Mega, L50, F\n|-mega|p1a: Lucario|Lucario|Lucarionite\n|move|p1b: Tsareena|U-turn|p2b: Sneasler\n|-resisted|p2b: Sneasler|2\n|-damage|p2b: Sneasler|95/100\n|\n|t:|1776086794\n|switch|p1b: Ninetales|Ninetales-Alola, L50, F|100/100|[from] U-turn\n|-weather|Snowscape|[from] ability: Snow Warning|[of] p1b: Ninetales\n|move|p2b: Sneasler|Close Combat|p1a: Lucario\n|-supereffective|p1a: Lucario|1\n|-damage|p1a: Lucario|0 fnt\n|-unboost|p2b: Sneasler|def|1\n|-unboost|p2b: Sneasler|spd|1\n|faint|p1a: Lucario\n|-enditem|p2b: Sneasler|White Herb\n|-clearnegativeboost|p2b: Sneasler|[silent]\n|move|p2a: Incineroar|Flare Blitz|p1b: Ninetales\n|-supereffective|p1b: Ninetales|1\n|-enditem|p1b: Ninetales|Occa Berry|[eat]\n|-enditem|p1b: Ninetales|Occa Berry|[weaken]\n|-damage|p1b: Ninetales|46/100\n|-damage|p2a: Incineroar|87/100|[from] Recoil\n|\n|-weather|Snowscape|[upkeep]\n|upkeep\n|inactive|Battle timer is ON: inactive players will automatically lose when time's up. (requested by Markiito18)\n|-message|Tenjay forfeited.\n|\n|win|Markiito18\n|raw|Tenjay's rating: 1177 &rarr; <strong>1154</strong><br />(-23 for losing)\n|raw|Markiito18's rating: 1208 &rarr; <strong>1231</strong><br />(+23 for winning)\n|l|\u2606Tenjay\n|player|p1|\n",
  "uploadtime": 1776086804,
  "views": 11,
  "formatid": "gen9championsvgc2026regma",
  "rating": 1154,
  "private": 0,
  "password": null
}