{
  "id": "gen9championsvgc2026regma-2583926439",
  "format": "[Gen 9 Champions] VGC 2026 Reg M-A",
  "players": [
    "LanternComic",
    "waytoospeshal"
  ],
  "log": "|j|\u2606LanternComic\n|j|\u2606waytoospeshal\n|t:|1776208942\n|gametype|doubles\n|player|p1|LanternComic|silver-masters|1040\n|player|p2|waytoospeshal|gladion|1000\n|gen|9\n|tier|[Gen 9 Champions] VGC 2026 Reg M-A\n|rated|\n|rule|Species Clause: Limit one of each Pok\u00e9mon\n|rule|Item Clause: Limit 1 of each item\n|clearpoke\n|poke|p1|Aerodactyl, L50, M|\n|poke|p1|Froslass, L50, F|\n|poke|p1|Sneasler, L50, F|\n|poke|p1|Kingambit, L50, M|\n|poke|p1|Sinistcha, L50|\n|poke|p1|Volcarona, L50, F|\n|poke|p2|Noivern, L50, M|\n|poke|p2|Meowscarada, L50, M|\n|poke|p2|Dragapult, L50, M|\n|poke|p2|Gengar, L50, M|\n|poke|p2|Basculegion, L50, M|\n|poke|p2|Alcremie, L50, F|\n|teampreview|4\n|c|\u2606waytoospeshal|glhf\nwaytoospeshal rejected open team sheets.\n|\n|t:|1776208972\n|teamsize|p1|4\n|teamsize|p2|4\n|start\n|switch|p1a: Froslass|Froslass, L50, F|100/100\n|switch|p1b: Kingambit|Kingambit, L50, M|100/100\n|switch|p2a: Noivern|Noivern, L50, M|100/100\n|switch|p2b: Meowscarada|Meowscarada, L50, M|100/100\n|turn|1\n|\n|t:|1776208983\n|detailschange|p1a: Froslass|Froslass-Mega, L50, F\n|-mega|p1a: Froslass|Froslass|Froslassite\n|-weather|Snowscape|[from] ability: Snow Warning|[of] p1a: Froslass\n|move|p2b: Meowscarada|Skill Swap|p2a: Noivern\n|-start|p2b: Meowscarada|typechange|Psychic|[from] ability: Protean\n|-activate|p2b: Meowscarada|Skill Swap|||[of] p2a: Noivern\n|move|p2a: Noivern|Heat Wave|p1a: Froslass|[spread] p1a,p1b\n|-start|p2a: Noivern|typechange|Fire|[from] ability: Protean\n|-supereffective|p1a: Froslass|1\n|-supereffective|p1b: Kingambit|1\n|-damage|p1a: Froslass|30/100\n|-damage|p1b: Kingambit|36/100\n|move|p1a: Froslass|Blizzard|p2b: Meowscarada|[spread] p2a,p2b\n|-resisted|p2a: Noivern|1\n|-damage|p2a: Noivern|73/100\n|-damage|p2b: Meowscarada|33/100\n|move|p1b: Kingambit|Swords Dance|p1b: Kingambit\n|-boost|p1b: Kingambit|atk|2\n|\n|-weather|Snowscape|[upkeep]\n|upkeep\n|turn|2\n|\n|t:|1776209010\n|move|p2a: Noivern|Protect|p2a: Noivern\n|-singleturn|p2a: Noivern|Protect\n|move|p1b: Kingambit|Sucker Punch||[still]\n|-fail|p1b: Kingambit\n|move|p2b: Meowscarada|Petal Blizzard|p1b: Kingambit|[spread] p1a,p1b\n|-activate|p2a: Noivern|move: Protect\n|-resisted|p1b: Kingambit|1\n|-damage|p1a: Froslass|9/100\n|-damage|p1b: Kingambit|28/100\n|move|p1a: Froslass|Shadow Ball|p2b: Meowscarada\n|-supereffective|p2b: Meowscarada|1\n|-damage|p2b: Meowscarada|0 fnt\n|faint|p2b: Meowscarada\n|\n|-weather|Snowscape|[upkeep]\n|upkeep\n|\n|t:|1776209023\n|switch|p2b: Dragapult|Dragapult, L50, M|100/100\n|turn|3\n|\n|t:|1776209039\n|switch|p1a: Sinistcha|Sinistcha, L50|100/100\n|-heal|p1b: Kingambit|53/100|[from] ability: Hospitality|[of] p1a: Sinistcha\n|move|p2a: Noivern|Protect|p2a: Noivern\n|-singleturn|p2a: Noivern|Protect\n|move|p1b: Kingambit|Sucker Punch||[still]\n|-fail|p1b: Kingambit\n|move|p2b: Dragapult|Breaking Swipe|p1b: Kingambit|[spread] p1a,p1b\n|-resisted|p1b: Kingambit|1\n|-damage|p1a: Sinistcha|83/100\n|-damage|p1b: Kingambit|46/100\n|-unboost|p1a: Sinistcha|atk|1\n|-unboost|p1b: Kingambit|atk|1\n|-ability|p1b: Kingambit|Defiant|boost\n|-boost|p1b: Kingambit|atk|2\n|\n|-weather|Snowscape|[upkeep]\n|upkeep\n|turn|4\n|j| CloudySkies17695\n|\n|t:|1776209063\n|move|p1b: Kingambit|Sucker Punch|p2a: Noivern\n|-damage|p2a: Noivern|0 fnt\n|faint|p2a: Noivern\n|move|p2b: Dragapult|Dragon Cheer|p2: Noivern|[notarget]\n|-fail|p2b: Dragapult\n|move|p1a: Sinistcha|Matcha Gotcha|p2b: Dragapult\n|-resisted|p2b: Dragapult|1\n|-damage|p2b: Dragapult|80/100\n|-heal|p1a: Sinistcha|94/100|[from] drain|[of] p2b: Dragapult\n|\n|-weather|Snowscape|[upkeep]\n|upkeep\n|-message|waytoospeshal forfeited.\n|\n|win|LanternComic\n|raw|LanternComic's rating: 1040 &rarr; <strong>1070</strong><br />(+30 for winning)\n|raw|waytoospeshal's rating: 1000 &rarr; <strong>1000</strong><br />(+0 for losing)\n|l|\u2606waytoospeshal\n|player|p2|\n|l|\u2606LanternComic\n|player|p1|\n",
  "uploadtime": 1776209806,
  "views": 16,
  "formatid": "gen9championsvgc2026regma",
  "rating": 1000,
  "private": 0,
  "password": null
}