{
  "id": "gen9championsvgc2026regma-2582266932",
  "format": "[Gen 9 Champions] VGC 2026 Reg M-A",
  "players": [
    "storm93ita",
    "Makank0"
  ],
  "log": "|j|\u2606storm93ita\n|j|\u2606Makank0\n|t:|1776077918\n|gametype|doubles\n|player|p1|storm93ita|volkner|1113\n|player|p2|Makank0|firebreather|1109\n|gen|9\n|tier|[Gen 9 Champions] VGC 2026 Reg M-A\n|rated|\n|rule|Species Clause: Limit one of each Pok\u00e9mon\n|rule|Item Clause: Limit 1 of each item\n|clearpoke\n|poke|p1|Charizard, L50, M|\n|poke|p1|Venusaur, L50, F|\n|poke|p1|Whimsicott, L50, M|\n|poke|p1|Incineroar, L50, F|\n|poke|p1|Torkoal, L50, F|\n|poke|p1|Farigiraf, L50, F|\n|poke|p2|Incineroar, L50, F|\n|poke|p2|Charizard, L50, M|\n|poke|p2|Hydreigon, L50, M|\n|poke|p2|Sneasler, L50, F|\n|poke|p2|Venusaur, L50, M|\n|poke|p2|Whimsicott, L50, F|\n|teampreview|4\n|inactive|Battle timer is ON: inactive players will automatically lose when time's up. (requested by storm93ita)\n|inactive|storm93ita has 60 seconds left.\n|inactive|Makank0 has 60 seconds left.\n|\n|t:|1776077954\n|teamsize|p1|4\n|teamsize|p2|4\n|start\n|switch|p1a: Incineroar|Incineroar, L50, F|100/100\n|switch|p1b: Farigiraf|Farigiraf, L50, F|100/100\n|switch|p2a: Hydreigon|Hydreigon, L50, M|100/100\n|switch|p2b: Whimsicott|Whimsicott, L50, F|100/100\n|-ability|p1a: Incineroar|Intimidate|boost\n|-unboost|p2a: Hydreigon|atk|1\n|-unboost|p2b: Whimsicott|atk|1\n|turn|1\n|\n|t:|1776077972\n|move|p1a: Incineroar|Fake Out|p2b: Whimsicott\n|-damage|p2b: Whimsicott|81/100\n|cant|p2b: Whimsicott|flinch\n|move|p2a: Hydreigon|Dark Pulse|p1b: Farigiraf\n|-supereffective|p1b: Farigiraf|1\n|-damage|p1b: Farigiraf|11/100\n|move|p1b: Farigiraf|Trick Room|p1b: Farigiraf\n|-fieldstart|move: Trick Room|[of] p1b: Farigiraf\n|\n|-heal|p1b: Farigiraf|17/100|[from] item: Leftovers\n|upkeep\n|turn|2\n|inactive|Makank0 has 30 seconds left.\n|inactive|Makank0 has 20 seconds left.\n|\n|t:|1776078009\n|move|p2b: Whimsicott|Protect|p2b: Whimsicott\n|-singleturn|p2b: Whimsicott|Protect\n|move|p1b: Farigiraf|Hyper Voice|p2a: Hydreigon|[spread] p2a\n|-activate|p2b: Whimsicott|move: Protect\n|-damage|p2a: Hydreigon|58/100\n|move|p1a: Incineroar|Parting Shot|p2a: Hydreigon\n|-unboost|p2a: Hydreigon|atk|1\n|-unboost|p2a: Hydreigon|spa|1\n|\n|t:|1776078018\n|switch|p1a: Charizard|Charizard, L50, M|100/100|[from] Parting Shot\n|move|p2a: Hydreigon|Dark Pulse|p1b: Farigiraf\n|-supereffective|p1b: Farigiraf|1\n|-damage|p1b: Farigiraf|0 fnt\n|faint|p1b: Farigiraf\n|\n|upkeep\n|\n|t:|1776078025\n|switch|p1b: Torkoal|Torkoal, L50, F|100/100\n|-weather|SunnyDay|[from] ability: Drought|[of] p1b: Torkoal\n|turn|3\n|\n|t:|1776078047\n|switch|p2b: Charizard|Charizard, L50, M|100/100\n|detailschange|p1a: Charizard|Charizard-Mega-Y, L50, M\n|-mega|p1a: Charizard|Charizard|Charizardite Y\n|move|p1b: Torkoal|Eruption|p2a: Hydreigon|[spread] p2a,p2b\n|-resisted|p2a: Hydreigon|1\n|-resisted|p2b: Charizard|1\n|-damage|p2a: Hydreigon|16/100\n|-damage|p2b: Charizard|55/100\n|move|p2a: Hydreigon|Dark Pulse|p1b: Torkoal\n|-damage|p1b: Torkoal|63/100\n|move|p1a: Charizard|Air Slash|p2b: Charizard\n|-damage|p2b: Charizard|0 fnt\n|faint|p2b: Charizard\n|\n|-weather|SunnyDay|[upkeep]\n|upkeep\n|-message|Makank0 forfeited.\n|\n|win|storm93ita\n|raw|storm93ita's rating: 1113 &rarr; <strong>1138</strong><br />(+25 for winning)\n|raw|Makank0's rating: 1109 &rarr; <strong>1084</strong><br />(-25 for losing)\n|l|\u2606Makank0\n|player|p2|\n",
  "uploadtime": 1776078070,
  "views": 9,
  "formatid": "gen9championsvgc2026regma",
  "rating": 1084,
  "private": 0,
  "password": null
}