{
  "id": "gen9championsvgc2026regma-2582646603",
  "format": "[Gen 9 Champions] VGC 2026 Reg M-A",
  "players": [
    "yamzinyobooty",
    "helmy"
  ],
  "log": "|j|\u2606yamzinyobooty\n|j|\u2606helmy\n|t:|1776104720\n|gametype|doubles\n|player|p1|yamzinyobooty|170|1093\n|player|p2|helmy|2|1101\n|gen|9\n|tier|[Gen 9 Champions] VGC 2026 Reg M-A\n|rated|\n|rule|Species Clause: Limit one of each Pok\u00e9mon\n|rule|Item Clause: Limit 1 of each item\n|clearpoke\n|poke|p1|Delphox, L50, M|\n|poke|p1|Basculegion, L50, M|\n|poke|p1|Clefable, L50, M|\n|poke|p1|Kingambit, L50, F|\n|poke|p1|Sneasler, L50, F|\n|poke|p1|Dragonite, L50, F|\n|poke|p2|Tyranitar, L50, M|\n|poke|p2|Glimmora, L50, F|\n|poke|p2|Scizor, L50, M|\n|poke|p2|Kommo-o, L50, F|\n|poke|p2|Whimsicott, L50, M|\n|poke|p2|Zoroark-Hisui, L50, M|\n|teampreview|4\n|inactive|Battle timer is ON: inactive players will automatically lose when time's up. (requested by yamzinyobooty)\n|\n|t:|1776104742\n|teamsize|p1|4\n|teamsize|p2|4\n|start\n|switch|p1a: Basculegion|Basculegion, L50, M|100/100\n|switch|p1b: Sneasler|Sneasler, L50, F, shiny|100/100\n|switch|p2a: Glimmora|Glimmora, L50, F|100/100\n|switch|p2b: Whimsicott|Whimsicott, L50, M|100/100\n|turn|1\n|\n|t:|1776104760\n|switch|p2a: Whimsicott|Whimsicott, L50, M|100/100\n|move|p1a: Basculegion|Wave Crash|p2a: Whimsicott\n|-resisted|p2a: Whimsicott|1\n|-damage|p2a: Whimsicott|69/100\n|-damage|p1a: Basculegion|92/100|[from] Recoil\n|move|p1b: Sneasler|Dire Claw|p2b: Whimsicott\n|-resisted|p2b: Whimsicott|1\n|-damage|p2b: Whimsicott|54/100\n|replace|p2b: Zoroark|Zoroark-Hisui, L50, M\n|-end|p2b: Zoroark|Illusion\n|move|p2b: Zoroark|Extrasensory|p1b: Sneasler\n|-supereffective|p1b: Sneasler|2\n|-enditem|p1b: Sneasler|Focus Sash\n|-damage|p1b: Sneasler|1/100\n|\n|upkeep\n|turn|2\n|\n|t:|1776104773\n|move|p1b: Sneasler|Protect|p1b: Sneasler\n|-singleturn|p1b: Sneasler|Protect\n|move|p2a: Whimsicott|Tailwind|p2a: Whimsicott\n|-sidestart|p2: helmy|move: Tailwind\n|move|p2b: Zoroark|Shadow Ball|p1a: Basculegion\n|-supereffective|p1a: Basculegion|1\n|-damage|p1a: Basculegion|0 fnt\n|faint|p1a: Basculegion\n|\n|upkeep\n|\n|t:|1776104780\n|switch|p1a: Clefable|Clefable, L50, M|100/100\n|turn|3\n|\n|t:|1776104792\n|move|p1a: Clefable|Follow Me|p1a: Clefable\n|-singleturn|p1a: Clefable|move: Follow Me\n|move|p2a: Whimsicott|Encore|p1a: Clefable\n|-start|p1a: Clefable|Encore\n|move|p1b: Sneasler|Dire Claw|p2a: Whimsicott\n|-supereffective|p2a: Whimsicott|2\n|-damage|p2a: Whimsicott|0 fnt\n|faint|p2a: Whimsicott\n|move|p2b: Zoroark|Hyper Voice|p1b: Sneasler|[spread] p1a,p1b\n|-damage|p1a: Clefable|69/100\n|-damage|p1b: Sneasler|0 fnt\n|faint|p1b: Sneasler\n|\n|upkeep\n|\n|t:|1776104801\n|switch|p1b: Delphox|Delphox, L50, M, shiny|100/100\n|switch|p2a: Glimmora|Glimmora, L50, F|100/100\n|turn|4\n|\n|t:|1776104811\n|detailschange|p1b: Delphox|Delphox-Mega, L50, M, shiny\n|-mega|p1b: Delphox|Delphox|Delphoxite\n|move|p1a: Clefable|Follow Me|p1a: Clefable\n|-singleturn|p1a: Clefable|move: Follow Me\n|move|p2a: Glimmora|Sludge Wave|p1b: Delphox|[spread] p2b,p1a,p1b\n|-resisted|p2b: Zoroark|1\n|-supereffective|p1a: Clefable|1\n|-damage|p2b: Zoroark|16/100\n|-damage|p1a: Clefable|0 fnt\n|-damage|p1b: Delphox|58/100\n|faint|p1a: Clefable\n|move|p2b: Zoroark|Shadow Ball|p1b: Delphox\n|-supereffective|p1b: Delphox|1\n|-damage|p1b: Delphox|0 fnt\n|faint|p1b: Delphox\n|\n|win|helmy\n|raw|yamzinyobooty's rating: 1093 &rarr; <strong>1070</strong><br />(-23 for losing)\n|raw|helmy's rating: 1101 &rarr; <strong>1125</strong><br />(+24 for winning)\n",
  "uploadtime": 1776104812,
  "views": 13,
  "formatid": "gen9championsvgc2026regma",
  "rating": 1070,
  "private": 0,
  "password": null
}