{
  "id": "gen9championsvgc2026regma-2583850804",
  "format": "[Gen 9 Champions] VGC 2026 Reg M-A",
  "players": [
    "Ch4mk3_",
    "Granny Pie"
  ],
  "log": "|j|\u2606Ch4mk3_\n|j|\u2606Granny Pie\n|t:|1776202632\n|gametype|doubles\n|player|p1|Ch4mk3_|lance|1097\n|player|p2|Granny Pie|medium|1168\n|gen|9\n|tier|[Gen 9 Champions] VGC 2026 Reg M-A\n|rated|\n|rule|Species Clause: Limit one of each Pok\u00e9mon\n|rule|Item Clause: Limit 1 of each item\n|clearpoke\n|poke|p1|Meganium, L50, F|\n|poke|p1|Pelipper, L50, F|\n|poke|p1|Basculegion, L50, M|\n|poke|p1|Politoed, L50, M|\n|poke|p1|Rhyperior, L50, M|\n|poke|p1|Archaludon, L50, M|\n|poke|p2|Tyranitar, L50, M|\n|poke|p2|Aerodactyl, L50, F|\n|poke|p2|Garchomp, L50, F|\n|poke|p2|Excadrill, L50, M|\n|poke|p2|Meganium, L50, M|\n|poke|p2|Milotic, L50, F|\n|teampreview|4\n|inactive|Battle timer is ON: inactive players will automatically lose when time's up. (requested by Granny Pie)\n|inactive|Ch4mk3_ has 60 seconds left.\n|\n|t:|1776202672\n|teamsize|p1|4\n|teamsize|p2|4\n|start\n|switch|p1a: Politoed|Politoed, L50, M|100/100\n|switch|p1b: Archaludon|Archaludon, L50, M|100/100\n|switch|p2a: Aerodactyl|Aerodactyl, L50, F|100/100\n|switch|p2b: Garchomp|Garchomp, L50, F|100/100\n|-ability|p2a: Aerodactyl|Unnerve\n|-weather|RainDance|[from] ability: Drizzle|[of] p1a: Politoed\n|turn|1\n|inactive|Ch4mk3_ has 30 seconds left.\n|inactive|Granny Pie has 30 seconds left.\n|inactive|Granny Pie has 20 seconds left.\n|inactive|Granny Pie has 15 seconds left.\n|\n|t:|1776202714\n|move|p2b: Garchomp|Earthquake|p1a: Politoed|[spread] p1a,p1b\n|-immune|p2a: Aerodactyl\n|-supereffective|p1b: Archaludon|1\n|-damage|p1a: Politoed|66/100\n|-damage|p1b: Archaludon|31/100\n|move|p2a: Aerodactyl|Tailwind|p2a: Aerodactyl\n|-sidestart|p2: Granny Pie|move: Tailwind\n|move|p1b: Archaludon|Flash Cannon|p2a: Aerodactyl\n|-supereffective|p2a: Aerodactyl|1\n|-damage|p2a: Aerodactyl|0 fnt\n|faint|p2a: Aerodactyl\n|move|p1a: Politoed|Icy Wind|p2b: Garchomp\n|-supereffective|p2b: Garchomp|2\n|-damage|p2b: Garchomp|48/100\n|-unboost|p2b: Garchomp|spe|1\n|\n|-weather|RainDance|[upkeep]\n|-heal|p1a: Politoed|73/100|[from] item: Leftovers\n|upkeep\n|\n|t:|1776202734\n|switch|p2a: Meganium|Meganium, L50, M|100/100\n|turn|2\n|\n|t:|1776202746\n|switch|p1b: Pelipper|Pelipper, L50, F|100/100\n|detailschange|p2a: Meganium|Meganium-Mega, L50, M\n|-mega|p2a: Meganium|Meganium|Meganiumite\n|move|p2b: Garchomp|Earthquake|p1a: Politoed|[spread] p2a,p1a\n|-immune|p1b: Pelipper\n|-resisted|p2a: Meganium|1\n|-damage|p2a: Meganium|79/100\n|-damage|p1a: Politoed|39/100\n|move|p2a: Meganium|Solar Beam||[still]\n|-prepare|p2a: Meganium|Solar Beam\n|-activate|p2a: Meganium|ability: Mega Sol\n|-anim|p2a: Meganium|Solar Beam|p1a: Politoed\n|-supereffective|p1a: Politoed|1\n|-damage|p1a: Politoed|0 fnt\n|faint|p1a: Politoed\n|\n|-weather|RainDance|[upkeep]\n|upkeep\n|\n|t:|1776202765\n|switch|p1a: Meganium|Meganium, L50, F|100/100\n|turn|3\n|\n|t:|1776202776\n|switch|p2b: Tyranitar|Tyranitar, L50, M|100/100\n|-weather|Sandstorm|[from] ability: Sand Stream|[of] p2b: Tyranitar\n|move|p1a: Meganium|Protect|p1a: Meganium\n|-singleturn|p1a: Meganium|Protect\n|move|p2a: Meganium|Weather Ball|p1a: Meganium\n|-activate|p1a: Meganium|move: Protect\n|move|p1b: Pelipper|Tailwind|p1b: Pelipper\n|-sidestart|p1: Ch4mk3_|move: Tailwind\n|\n|-weather|Sandstorm|[upkeep]\n|-damage|p2a: Meganium|74/100|[from] Sandstorm\n|-damage|p1a: Meganium|95/100|[from] Sandstorm\n|-damage|p1b: Pelipper|95/100|[from] Sandstorm\n|upkeep\n|turn|4\n|inactive|Ch4mk3_ has 30 seconds left.\n|\n|t:|1776202806\n|detailschange|p1a: Meganium|Meganium-Mega, L50, F\n|-mega|p1a: Meganium|Meganium|Meganiumite\n|move|p2a: Meganium|Weather Ball|p1a: Meganium\n|-supereffective|p1a: Meganium|1\n|-damage|p1a: Meganium|0 fnt\n|faint|p1a: Meganium\n|move|p1b: Pelipper|Hurricane|p2a: Meganium\n|-supereffective|p2a: Meganium|1\n|-damage|p2a: Meganium|0 fnt\n|faint|p2a: Meganium\n|move|p2b: Tyranitar|Rock Slide|p1b: Pelipper\n|-supereffective|p1b: Pelipper|1\n|-damage|p1b: Pelipper|14/100\n|-enditem|p1b: Pelipper|Sitrus Berry|[eat]\n|-heal|p1b: Pelipper|39/100|[from] item: Sitrus Berry\n|\n|-weather|Sandstorm|[upkeep]\n|-damage|p1b: Pelipper|33/100|[from] Sandstorm\n|-sideend|p2: Granny Pie|move: Tailwind\n|upkeep\n|c|\u2606Ch4mk3_|gg\n|-message|Ch4mk3_ forfeited.\n|\n|win|Granny Pie\n|raw|Ch4mk3_'s rating: 1097 &rarr; <strong>1077</strong><br />(-20 for losing)\n|raw|Granny Pie's rating: 1168 &rarr; <strong>1188</strong><br />(+20 for winning)\n|l|\u2606Ch4mk3_\n|player|p1|\n",
  "uploadtime": 1776202824,
  "views": 19,
  "formatid": "gen9championsvgc2026regma",
  "rating": 1077,
  "private": 0,
  "password": null
}