{
  "id": "gen9championsvgc2026regma-2583788601",
  "format": "[Gen 9 Champions] VGC 2026 Reg M-A",
  "players": [
    "MigraineMan",
    "hesolk"
  ],
  "log": "|j|\u2606MigraineMan\n|j|\u2606hesolk\n|t:|1776197776\n|gametype|doubles\n|player|p1|MigraineMan|266|1320\n|player|p2|hesolk|102|1342\n|gen|9\n|tier|[Gen 9 Champions] VGC 2026 Reg M-A\n|rated|\n|rule|Species Clause: Limit one of each Pok\u00e9mon\n|rule|Item Clause: Limit 1 of each item\n|clearpoke\n|poke|p1|Blastoise, L50, F|\n|poke|p1|Sinistcha, L50|\n|poke|p1|Pelipper, L50, M|\n|poke|p1|Maushold, L50|\n|poke|p1|Incineroar, L50, F|\n|poke|p1|Farigiraf, L50, F|\n|poke|p2|Tyranitar, L50, F|\n|poke|p2|Garchomp, L50, F|\n|poke|p2|Sneasler, L50, F|\n|poke|p2|Sinistcha, L50|\n|poke|p2|Basculegion, L50, M|\n|poke|p2|Aegislash, L50, F|\n|teampreview|4\n|j| babblebloeb\n|\n|t:|1776197823\n|teamsize|p1|4\n|teamsize|p2|4\n|start\n|switch|p1a: Blastoise|Blastoise, L50, F|100/100\n|switch|p1b: Incineroar|Incineroar, L50, F|100/100\n|switch|p2a: Sneasler|Sneasler, L50, F|100/100\n|switch|p2b: Basculegion|Basculegion, L50, M|100/100\n|-ability|p1b: Incineroar|Intimidate|boost\n|-unboost|p2a: Sneasler|atk|1\n|-unboost|p2b: Basculegion|atk|1\n|-enditem|p2a: Sneasler|White Herb\n|-clearnegativeboost|p2a: Sneasler|[silent]\n|turn|1\n|l| babblebloeb\n|\n|t:|1776197835\n|switch|p1b: Farigiraf|Farigiraf, L50, F|100/100\n|detailschange|p1a: Blastoise|Blastoise-Mega, L50, F\n|-mega|p1a: Blastoise|Blastoise|Blastoisinite\n|move|p2a: Sneasler|Fake Out||[still]\n|cant|p1b: Farigiraf|ability: Armor Tail|Fake Out|[of] p2a: Sneasler\n|move|p2b: Basculegion|Flip Turn|p1b: Farigiraf\n|-damage|p1b: Farigiraf|81/100\n|\n|t:|1776197851\n|switch|p2b: Tyranitar|Tyranitar, L50, F|100/100|[from] Flip Turn\n|-weather|Sandstorm|[from] ability: Sand Stream|[of] p2b: Tyranitar\n|move|p1a: Blastoise|Shell Smash|p1a: Blastoise\n|-unboost|p1a: Blastoise|def|1\n|-unboost|p1a: Blastoise|spd|1\n|-boost|p1a: Blastoise|atk|2\n|-boost|p1a: Blastoise|spa|2\n|-boost|p1a: Blastoise|spe|2\n|\n|-weather|Sandstorm|[upkeep]\n|-damage|p2a: Sneasler|95/100|[from] Sandstorm\n|-damage|p1a: Blastoise|95/100|[from] Sandstorm\n|-damage|p1b: Farigiraf|75/100|[from] Sandstorm\n|upkeep\n|turn|2\n|\n|t:|1776197904\n|switch|p1b: Sinistcha|Sinistcha, L50|100/100\n|-heal|p1a: Blastoise|100/100|[from] ability: Hospitality|[of] p1b: Sinistcha\n|detailschange|p2b: Tyranitar|Tyranitar-Mega, L50, F\n|-mega|p2b: Tyranitar|Tyranitar|Tyranitarite\n|move|p1a: Blastoise|Protect|p1a: Blastoise\n|-singleturn|p1a: Blastoise|Protect\n|move|p2a: Sneasler|Close Combat|p1a: Blastoise\n|-activate|p1a: Blastoise|move: Protect\n|move|p2b: Tyranitar|Knock Off|p1a: Blastoise\n|-activate|p1a: Blastoise|move: Protect\n|\n|-weather|Sandstorm|[upkeep]\n|-damage|p2a: Sneasler|89/100|[from] Sandstorm\n|-damage|p1a: Blastoise|95/100|[from] Sandstorm\n|-damage|p1b: Sinistcha|94/100|[from] Sandstorm\n|upkeep\n|turn|3\n|\n|t:|1776197925\n|move|p1b: Sinistcha|Rage Powder|p1b: Sinistcha\n|-singleturn|p1b: Sinistcha|move: Rage Powder\n|move|p2a: Sneasler|Close Combat|p1b: Sinistcha\n|-immune|p1b: Sinistcha\n|move|p1a: Blastoise|Water Spout|p2a: Sneasler|[spread] p2a,p2b\n|-supereffective|p2b: Tyranitar|1\n|-damage|p2a: Sneasler|0 fnt\n|-damage|p2b: Tyranitar|0 fnt\n|faint|p2a: Sneasler\n|faint|p2b: Tyranitar\n|\n|-weather|Sandstorm|[upkeep]\n|-damage|p1a: Blastoise|89/100|[from] Sandstorm\n|-damage|p1b: Sinistcha|88/100|[from] Sandstorm\n|upkeep\n|-message|hesolk forfeited.\n|\n|win|MigraineMan\n|raw|MigraineMan's rating: 1320 &rarr; <strong>1341</strong><br />(+21 for winning)\n|raw|hesolk's rating: 1342 &rarr; <strong>1321</strong><br />(-21 for losing)\n|l|\u2606hesolk\n|player|p2|\n",
  "uploadtime": 1776197943,
  "views": 33,
  "formatid": "gen9championsvgc2026regma",
  "rating": 1321,
  "private": 0,
  "password": null
}