{
  "id": "gen9championsvgc2026regma-2584640633",
  "format": "[Gen 9 Champions] VGC 2026 Reg M-A",
  "players": [
    "mr. bigodon",
    "stefanovanella05"
  ],
  "log": "|j|\u2606mr. bigodon\n|j|\u2606stefanovanella05\n|t:|1776273861\n|gametype|doubles\n|player|p1|mr. bigodon|drayden|1314\n|player|p2|stefanovanella05|102|1250\n|gen|9\n|tier|[Gen 9 Champions] VGC 2026 Reg M-A\n|rated|\n|rule|Species Clause: Limit one of each Pok\u00e9mon\n|rule|Item Clause: Limit 1 of each item\n|clearpoke\n|poke|p1|Meganium, L50, F|\n|poke|p1|Kangaskhan, L50, F|\n|poke|p1|Milotic, L50, F|\n|poke|p1|Garchomp, L50, M|\n|poke|p1|Aerodactyl, L50, M|\n|poke|p1|Sinistcha, L50|\n|poke|p2|Corviknight, L50, F|\n|poke|p2|Sneasler, L50, F|\n|poke|p2|Dragonite, L50, F|\n|poke|p2|Garchomp, L50, F|\n|poke|p2|Gardevoir, L50, F|\n|poke|p2|Sinistcha, L50|\n|teampreview|4\n|inactive|Battle timer is ON: inactive players will automatically lose when time's up. (requested by mr. bigodon)\n|\n|t:|1776273898\n|teamsize|p1|4\n|teamsize|p2|4\n|start\n|switch|p1a: Meganium|Meganium, L50, F, shiny|100/100\n|switch|p1b: Aerodactyl|Aerodactyl, L50, M, shiny|100/100\n|switch|p2a: Corviknight|Corviknight, L50, F|100/100\n|switch|p2b: Sneasler|Sneasler, L50, F|100/100\n|-ability|p1b: Aerodactyl|Unnerve\n|turn|1\n|\n|t:|1776273917\n|detailschange|p1a: Meganium|Meganium-Mega, L50, F, shiny\n|-mega|p1a: Meganium|Meganium|Meganiumite\n|move|p2b: Sneasler|Fake Out|p1b: Aerodactyl\n|-resisted|p1b: Aerodactyl|1\n|-damage|p1b: Aerodactyl|87/100\n|cant|p1b: Aerodactyl|flinch\n|move|p1a: Meganium|Weather Ball|p2a: Corviknight\n|-supereffective|p2a: Corviknight|1\n|-crit|p2a: Corviknight\n|-damage|p2a: Corviknight|0 fnt\n|faint|p2a: Corviknight\n|\n|upkeep\n|inactive|stefanovanella05 has 30 seconds left.\n|\n|t:|1776273943\n|switch|p2a: Garchomp|Garchomp, L50, F|100/100\n|turn|2\n|\n|t:|1776273962\n|move|p1a: Meganium|Protect|p1a: Meganium\n|-singleturn|p1a: Meganium|Protect\n|move|p1b: Aerodactyl|Tailwind|p1b: Aerodactyl\n|-sidestart|p1: mr. bigodon|move: Tailwind\n|move|p2b: Sneasler|Dire Claw|p1a: Meganium\n|-activate|p1a: Meganium|move: Protect\n|move|p2a: Garchomp|Dragon Claw|p1b: Aerodactyl\n|-damage|p1b: Aerodactyl|18/100\n|\n|upkeep\n|turn|3\n|\n|t:|1776273977\n|move|p2a: Garchomp|Protect|p2a: Garchomp\n|-singleturn|p2a: Garchomp|Protect\n|move|p1b: Aerodactyl|Dual Wingbeat|p2b: Sneasler\n|-supereffective|p2b: Sneasler|1\n|-damage|p2b: Sneasler|36/100\n|-supereffective|p2b: Sneasler|1\n|-damage|p2b: Sneasler|0 fnt\n|faint|p2b: Sneasler\n|-hitcount|p2: Sneasler|2\n|move|p1a: Meganium|Dazzling Gleam|p2a: Garchomp\n|-activate|p2a: Garchomp|move: Protect\n|\n|upkeep\n|-message|stefanovanella05 forfeited.\n|\n|win|mr. bigodon\n|raw|mr. bigodon's rating: 1314 &rarr; <strong>1330</strong><br />(+16 for winning)\n|raw|stefanovanella05's rating: 1250 &rarr; <strong>1230</strong><br />(-20 for losing)\n|l|\u2606stefanovanella05\n|player|p2|\n",
  "uploadtime": 1776273991,
  "views": 51,
  "formatid": "gen9championsvgc2026regma",
  "rating": 1230,
  "private": 0,
  "password": null
}