{
  "id": "gen9championsvgc2026regma-2585716570",
  "format": "[Gen 9 Champions] VGC 2026 Reg M-A",
  "players": [
    "nat4heal",
    "DiamondNate"
  ],
  "log": "|j|\u2606nat4heal\n|j|\u2606DiamondNate\n|t:|1776365700\n|gametype|doubles\n|player|p1|nat4heal|ghetsis|1412\n|player|p2|DiamondNate|guitarist|1469\n|gen|9\n|tier|[Gen 9 Champions] VGC 2026 Reg M-A\n|rated|\n|rule|Species Clause: Limit one of each Pok\u00e9mon\n|rule|Item Clause: Limit 1 of each item\n|clearpoke\n|poke|p1|Gengar, L50, F|\n|poke|p1|Sableye, L50, F|\n|poke|p1|Incineroar, L50, M|\n|poke|p1|Sneasler, L50, M|\n|poke|p1|Kingambit, L50, M|\n|poke|p1|Primarina, L50, M|\n|poke|p2|Floette-Eternal, L50, F|\n|poke|p2|Maushold, L50|\n|poke|p2|Garchomp, L50, M|\n|poke|p2|Talonflame, L50, F|\n|poke|p2|Milotic, L50, F|\n|poke|p2|Aegislash, L50, F|\n|teampreview|4\n|inactive|Battle timer is ON: inactive players will automatically lose when time's up. (requested by nat4heal)\n|\n|t:|1776365741\n|teamsize|p1|4\n|teamsize|p2|4\n|start\n|switch|p1a: Incineroar|Incineroar, L50, M|100/100\n|switch|p1b: Gengar|Gengar, L50, F, shiny|100/100\n|switch|p2a: Talonflame|Talonflame, L50, F|100/100\n|switch|p2b: Garchomp|Garchomp, L50, M|100/100\n|-ability|p1a: Incineroar|Intimidate|boost\n|-unboost|p2a: Talonflame|atk|1\n|-unboost|p2b: Garchomp|atk|1\n|turn|1\n|inactive|nat4heal has 30 seconds left.\n|\n|t:|1776365768\n|detailschange|p1b: Gengar|Gengar-Mega, L50, F, shiny\n|-mega|p1b: Gengar|Gengar|Gengarite\n|move|p2a: Talonflame|Protect|p2a: Talonflame\n|-singleturn|p2a: Talonflame|Protect\n|move|p1a: Incineroar|Fake Out|p2a: Talonflame\n|-activate|p2a: Talonflame|move: Protect\n|move|p1b: Gengar|Shadow Ball|p2a: Talonflame\n|-activate|p2a: Talonflame|move: Protect\n|move|p2b: Garchomp|Earthquake|p1b: Gengar|[spread] p1a,p1b\n|-activate|p2a: Talonflame|move: Protect\n|-supereffective|p1a: Incineroar|1\n|-enditem|p1a: Incineroar|Shuca Berry|[eat]\n|-enditem|p1a: Incineroar|Shuca Berry|[weaken]\n|-supereffective|p1b: Gengar|1\n|-damage|p1a: Incineroar|74/100\n|-damage|p1b: Gengar|29/100\n|\n|upkeep\n|turn|2\n|\n|t:|1776365788\n|move|p2a: Talonflame|Tailwind|p2a: Talonflame\n|-sidestart|p2: DiamondNate|move: Tailwind\n|move|p2b: Garchomp|Earthquake|p1a: Incineroar|[spread] p1a,p1b\n|-immune|p2a: Talonflame\n|-supereffective|p1a: Incineroar|1\n|-supereffective|p1b: Gengar|1\n|-damage|p1a: Incineroar|18/100\n|-damage|p1b: Gengar|0 fnt\n|faint|p1b: Gengar\n|move|p1a: Incineroar|Parting Shot|p2b: Garchomp\n|-unboost|p2b: Garchomp|atk|1\n|-unboost|p2b: Garchomp|spa|1\n|j| GentleH\n|\n|t:|1776365799\n|switch|p1a: Sneasler|Sneasler, L50, M|100/100|[from] Parting Shot\n|\n|upkeep\n|\n|t:|1776365801\n|switch|p1b: Incineroar|Incineroar, L50, M|18/100\n|-ability|p1b: Incineroar|Intimidate|boost\n|-unboost|p2a: Talonflame|atk|1\n|-unboost|p2b: Garchomp|atk|1\n|turn|3\n|\n|t:|1776365815\n|move|p2a: Talonflame|Acrobatics|p1a: Sneasler\n|-supereffective|p1a: Sneasler|1\n|-damage|p1a: Sneasler|36/100\n|move|p2b: Garchomp|Earthquake|p1a: Sneasler|[spread] p1a,p1b\n|-immune|p2a: Talonflame\n|-supereffective|p1a: Sneasler|1\n|-supereffective|p1b: Incineroar|1\n|-damage|p1a: Sneasler|0 fnt\n|-damage|p1b: Incineroar|0 fnt\n|faint|p1a: Sneasler\n|faint|p1b: Incineroar\n|\n|upkeep\n|\n|t:|1776365822\n|switch|p1a: Sableye|Sableye, L50, F|100/100\n|turn|4\n|-message|nat4heal forfeited.\n|\n|win|DiamondNate\n|raw|nat4heal's rating: 1412 &rarr; <strong>1395</strong><br />(-17 for losing)\n|raw|DiamondNate's rating: 1469 &rarr; <strong>1486</strong><br />(+17 for winning)\n|l|\u2606nat4heal\n|player|p1|\n|c|\u2606DiamondNate|Gg\n",
  "uploadtime": 1776365832,
  "views": 42,
  "formatid": "gen9championsvgc2026regma",
  "rating": 1395,
  "private": 0,
  "password": null
}