{
  "id": "gen9championsvgc2026regma-2581583823",
  "format": "[Gen 9 Champions] VGC 2026 Reg M-A",
  "players": [
    "StronkBocchi",
    "IndoMichael"
  ],
  "log": "|j|\u2606StronkBocchi\n|j|\u2606IndoMichael\n|t:|1776012848\n|gametype|doubles\n|player|p1|StronkBocchi|dawn-gen4pt|1048\n|player|p2|IndoMichael|265|1061\n|gen|9\n|tier|[Gen 9 Champions] VGC 2026 Reg M-A\n|rated|\n|rule|Species Clause: Limit one of each Pok\u00e9mon\n|rule|Item Clause: Limit 1 of each item\n|clearpoke\n|poke|p1|Charizard, L50, F|\n|poke|p1|Incineroar, L50, F|\n|poke|p1|Milotic, L50, M|\n|poke|p1|Hydreigon, L50, M|\n|poke|p1|Sneasler, L50, F|\n|poke|p1|Sinistcha, L50|\n|poke|p2|Chandelure, L50, F|\n|poke|p2|Whimsicott, L50, M|\n|poke|p2|Torkoal, L50, M|\n|poke|p2|Typhlosion-Hisui, L50, F|\n|poke|p2|Farigiraf, L50, F|\n|poke|p2|Sneasler, L50, M|\n|teampreview|4\n|\n|t:|1776012872\n|teamsize|p1|4\n|teamsize|p2|4\n|start\n|switch|p1a: Incineroar|Incineroar, L50, F|100/100\n|switch|p1b: Sneasler|Sneasler, L50, F|100/100\n|switch|p2a: Sneasler|Sneasler, L50, M|100/100\n|switch|p2b: Whimsicott|Whimsicott, L50, M, shiny|100/100\n|-ability|p1a: Incineroar|Intimidate|boost\n|-unboost|p2a: Sneasler|atk|1\n|-unboost|p2b: Whimsicott|atk|1\n|-enditem|p2a: Sneasler|White Herb\n|-clearnegativeboost|p2a: Sneasler|[silent]\n|turn|1\n|\n|t:|1776012901\n|move|p2a: Sneasler|Fake Out|p1a: Incineroar\n|-damage|p1a: Incineroar|83/100\n|move|p1b: Sneasler|Fake Out|p2a: Sneasler\n|-damage|p2a: Sneasler|76/100\n|cant|p1a: Incineroar|flinch\n|move|p2b: Whimsicott|Tailwind|p2b: Whimsicott\n|-sidestart|p2: IndoMichael|move: Tailwind\n|\n|upkeep\n|turn|2\n|\n|t:|1776012929\n|switch|p2b: Torkoal|Torkoal, L50, M|100/100\n|-weather|SunnyDay|[from] ability: Drought|[of] p2b: Torkoal\n|move|p2a: Sneasler|Close Combat|p1a: Incineroar\n|-supereffective|p1a: Incineroar|1\n|-damage|p1a: Incineroar|0 fnt\n|-unboost|p2a: Sneasler|def|1\n|-unboost|p2a: Sneasler|spd|1\n|faint|p1a: Incineroar\n|move|p1b: Sneasler|Dire Claw|p2b: Torkoal\n|-damage|p2b: Torkoal|68/100\n|-status|p2b: Torkoal|par\n|\n|-weather|SunnyDay|[upkeep]\n|upkeep\n|\n|t:|1776012947\n|switch|p1a: Milotic|Milotic, L50, M|100/100\n|turn|3\n|\n|t:|1776012970\n|switch|p2a: Chandelure|Chandelure, L50, F, shiny|100/100\n|move|p2b: Torkoal|Protect|p2b: Torkoal\n|-singleturn|p2b: Torkoal|Protect\n|move|p1b: Sneasler|Close Combat|p2a: Chandelure\n|-immune|p2a: Chandelure\n|move|p1a: Milotic|Scald|p2b: Torkoal\n|-activate|p2b: Torkoal|move: Protect\n|\n|-weather|SunnyDay|[upkeep]\n|upkeep\n|turn|4\n|\n|t:|1776012998\n|detailschange|p2a: Chandelure|Chandelure-Mega, L50, F, shiny\n|-mega|p2a: Chandelure|Chandelure|Chandelurite\n|move|p2b: Torkoal|Helping Hand|p2a: Chandelure\n|-singleturn|p2a: Chandelure|Helping Hand|[of] p2b: Torkoal\n|move|p2a: Chandelure|Heat Wave|p1b: Sneasler|[spread] p1a,p1b\n|-resisted|p1a: Milotic|1\n|-damage|p1a: Milotic|67/100\n|-damage|p1b: Sneasler|0 fnt\n|faint|p1b: Sneasler\n|move|p1a: Milotic|Scald|p2a: Chandelure\n|-supereffective|p2a: Chandelure|1\n|-damage|p2a: Chandelure|70/100\n|\n|-weather|SunnyDay|[upkeep]\n|-heal|p1a: Milotic|73/100|[from] item: Leftovers\n|-sideend|p2: IndoMichael|move: Tailwind\n|upkeep\n|-message|StronkBocchi forfeited.\n|\n|win|IndoMichael\n|raw|StronkBocchi's rating: 1048 &rarr; <strong>1031</strong><br />(-17 for losing)\n|raw|IndoMichael's rating: 1061 &rarr; <strong>1091</strong><br />(+30 for winning)\n|l|\u2606StronkBocchi\n|player|p1|\n",
  "uploadtime": 1776013020,
  "views": 26,
  "formatid": "gen9championsvgc2026regma",
  "rating": 1031,
  "private": 0,
  "password": null
}