{
  "id": "gen9championsvgc2026regma-2585797024",
  "format": "[Gen 9 Champions] VGC 2026 Reg M-A",
  "players": [
    "glimborp",
    "bus"
  ],
  "log": "|j|\u2606glimborp\n|j|\u2606bus\n|t:|1776371316\n|gametype|doubles\n|player|p1|glimborp|265|1093\n|player|p2|bus|sabrina|1000\n|gen|9\n|tier|[Gen 9 Champions] VGC 2026 Reg M-A\n|rated|\n|rule|Species Clause: Limit one of each Pok\u00e9mon\n|rule|Item Clause: Limit 1 of each item\n|clearpoke\n|poke|p1|Gengar, L50, M|\n|poke|p1|Incineroar, L50, M|\n|poke|p1|Rotom-Wash, L50|\n|poke|p1|Raichu, L50, M|\n|poke|p1|Tsareena, L50, F|\n|poke|p1|Dragonite, L50, M|\n|poke|p2|Charizard, L50, M|\n|poke|p2|Meowstic, L50, M|\n|poke|p2|Kingambit, L50, F|\n|poke|p2|Archaludon, L50, M|\n|poke|p2|Dragapult, L50, F|\n|poke|p2|Dragonite, L50, M|\n|teampreview|4\n|\n|t:|1776371364\n|teamsize|p1|4\n|teamsize|p2|4\n|start\n|switch|p1a: Incineroar|Incineroar, L50, M|100/100\n|switch|p1b: Dragonite|Dragonite, L50, M|100/100\n|switch|p2a: Bringing the Sun|Charizard, L50, M|100/100\n|switch|p2b: Tracing U|Meowstic, L50, M|100/100\n|-ability|p1a: Incineroar|Intimidate|boost\n|-unboost|p2a: Bringing the Sun|atk|1\n|-unboost|p2b: Tracing U|atk|1\n|turn|1\n|\n|t:|1776371388\n|move|p2b: Tracing U|Quick Guard|p2b: Tracing U\n|-singleturn|p2b: Tracing U|Quick Guard\n|move|p1a: Incineroar|Fake Out|p2b: Tracing U\n|-activate|p2b: Tracing U|move: Quick Guard\n|move|p2a: Bringing the Sun|Belly Drum|p2a: Bringing the Sun\n|-damage|p2a: Bringing the Sun|51/100\n|-setboost|p2a: Bringing the Sun|atk|6|[from] move: Belly Drum\n|move|p1b: Dragonite|Dragon Dance|p1b: Dragonite\n|-boost|p1b: Dragonite|atk|1\n|-boost|p1b: Dragonite|spe|1\n|\n|upkeep\n|turn|2\n|\n|t:|1776371404\n|move|p2b: Tracing U|Thunder Wave|p1b: Dragonite\n|-status|p1b: Dragonite|par\n|move|p2a: Bringing the Sun|Rock Slide|p1b: Dragonite|[spread] p1a,p1b\n|-supereffective|p1a: Incineroar|1\n|-supereffective|p1b: Dragonite|1\n|-damage|p1a: Incineroar|0 fnt\n|-damage|p1b: Dragonite|0 fnt\n|faint|p1a: Incineroar\n|faint|p1b: Dragonite\n|\n|upkeep\n|\n|t:|1776371412\n|switch|p1b: Rotom|Rotom-Wash, L50|100/100\n|switch|p1a: Gengar|Gengar, L50, M|100/100\n|turn|3\n|\n|t:|1776371428\n|detailschange|p1a: Gengar|Gengar-Mega, L50, M\n|-mega|p1a: Gengar|Gengar|Gengarite\n|move|p2b: Tracing U|Thunder Wave|p1a: Gengar\n|-status|p1a: Gengar|par\n|move|p2a: Bringing the Sun|Rock Slide|p1a: Gengar|[spread] p1a,p1b\n|-damage|p1a: Gengar|5/100 par\n|-damage|p1b: Rotom|32/100\n|cant|p1b: Rotom|flinch\n|cant|p1a: Gengar|flinch\n|\n|-heal|p1b: Rotom|38/100|[from] item: Leftovers\n|upkeep\n|turn|4\n|\n|t:|1776371444\n|move|p2b: Tracing U|Tickle|p1b: Rotom\n|-unboost|p1b: Rotom|atk|1\n|-unboost|p1b: Rotom|def|1\n|move|p2a: Bringing the Sun|Rock Slide|p1a: Gengar|[spread] p1a,p1b\n|-crit|p1a: Gengar\n|-damage|p1a: Gengar|0 fnt\n|-damage|p1b: Rotom|0 fnt\n|faint|p1a: Gengar\n|faint|p1b: Rotom\n|\n|win|bus\n|raw|glimborp's rating: 1093 &rarr; <strong>1063</strong><br />(-30 for losing)\n|raw|bus's rating: 1000 &rarr; <strong>1050</strong><br />(+50 for winning)\n|l|\u2606glimborp\n|player|p1|\n",
  "uploadtime": 1776371458,
  "views": 27,
  "formatid": "gen9championsvgc2026regma",
  "rating": 1050,
  "private": 0,
  "password": null
}