{
  "id": "gen9championsvgc2026regma-2583297395",
  "format": "[Gen 9 Champions] VGC 2026 Reg M-A",
  "players": [
    "fragonstick",
    "Fernando III"
  ],
  "log": "|j|\u2606fragonstick\n|j|\u2606Fernando III\n|t:|1776164392\n|gametype|doubles\n|player|p1|fragonstick|2|1056\n|player|p2|Fernando III|gentleman-gen4dp|1133\n|gen|9\n|tier|[Gen 9 Champions] VGC 2026 Reg M-A\n|rated|\n|rule|Species Clause: Limit one of each Pok\u00e9mon\n|rule|Item Clause: Limit 1 of each item\n|clearpoke\n|poke|p1|Farigiraf, L50, F|\n|poke|p1|Meowstic, L50, M|\n|poke|p1|Armarouge, L50, F|\n|poke|p1|Volcarona, L50, F|\n|poke|p1|Conkeldurr, L50, M|\n|poke|p1|Zoroark, L50, F|\n|poke|p2|Incineroar, L50, M|\n|poke|p2|Sinistcha, L50|\n|poke|p2|Aerodactyl, L50, M|\n|poke|p2|Hawlucha, L50, M|\n|poke|p2|Typhlosion-Hisui, L50, M|\n|teampreview|4\n|\n|t:|1776164419\n|teamsize|p1|4\n|teamsize|p2|4\n|start\n|switch|p1a: Farigiraf|Farigiraf, L50, F|100/100\n|switch|p1b: Armarouge|Armarouge, L50, F|100/100\n|switch|p2a: Sinistcha|Sinistcha, L50|100/100\n|switch|p2b: Typhlosion|Typhlosion-Hisui, L50, M|100/100\n|turn|1\n|\n|t:|1776164431\n|move|p1b: Armarouge|Protect|p1b: Armarouge\n|-singleturn|p1b: Armarouge|Protect\n|move|p2a: Sinistcha|Rage Powder|p2a: Sinistcha\n|-singleturn|p2a: Sinistcha|move: Rage Powder\n|move|p2b: Typhlosion|Eruption|p1a: Farigiraf|[spread] p1a\n|-activate|p1b: Armarouge|move: Protect\n|-damage|p1a: Farigiraf|38/100\n|move|p1a: Farigiraf|Trick Room|p1a: Farigiraf\n|-fieldstart|move: Trick Room|[of] p1a: Farigiraf\n|\n|upkeep\n|turn|2\n|\n|t:|1776164454\n|switch|p2a: Aerodactyl|Aerodactyl, L50, M|100/100\n|switch|p2b: Incineroar|Incineroar, L50, M|100/100\n|-ability|p2b: Incineroar|Intimidate|boost\n|-unboost|p1a: Farigiraf|atk|1\n|-unboost|p1b: Armarouge|atk|1\n|move|p1a: Farigiraf|Psychic Terrain|p1a: Farigiraf\n|-fieldstart|move: Psychic Terrain\n|move|p1b: Armarouge|Expanding Force|p2b: Incineroar|[spread] p2a\n|-immune|p2b: Incineroar\n|-damage|p2a: Aerodactyl|0 fnt\n|faint|p2a: Aerodactyl\n|\n|upkeep\n|\n|t:|1776164477\n|switch|p2a: Sinistcha|Sinistcha, L50|100/100\n|turn|3\n|\n|t:|1776164492\n|move|p1a: Farigiraf|Hyper Voice|p2a: Sinistcha|[spread] p2b\n|-immune|p2a: Sinistcha\n|-damage|p2b: Incineroar|73/100\n|move|p2b: Incineroar|Close Combat|p1a: Farigiraf\n|-damage|p1a: Farigiraf|0 fnt\n|-unboost|p2b: Incineroar|def|1\n|-unboost|p2b: Incineroar|spd|1\n|faint|p1a: Farigiraf\n|move|p1b: Armarouge|Armor Cannon|p2a: Sinistcha\n|-supereffective|p2a: Sinistcha|1\n|-damage|p2a: Sinistcha|0 fnt\n|-unboost|p1b: Armarouge|def|1\n|-unboost|p1b: Armarouge|spd|1\n|faint|p2a: Sinistcha\n|\n|-heal|p2b: Incineroar|79/100|[from] item: Leftovers\n|upkeep\n|\n|t:|1776164508\n|switch|p1a: Conkeldurr|Conkeldurr, L50, M|100/100\n|switch|p2a: Typhlosion|Typhlosion-Hisui, L50, M|100/100\n|turn|4\n|inactive|Battle timer is ON: inactive players will automatically lose when time's up. (requested by fragonstick)\n|\n|t:|1776164576\n|move|p1a: Conkeldurr|Close Combat|p2b: Incineroar\n|-supereffective|p2b: Incineroar|1\n|-damage|p2b: Incineroar|0 fnt\n|-unboost|p1a: Conkeldurr|def|1\n|-unboost|p1a: Conkeldurr|spd|1\n|faint|p2b: Incineroar\n|move|p1b: Armarouge|Expanding Force|p2a: Typhlosion\n|-damage|p2a: Typhlosion|0 fnt\n|faint|p2a: Typhlosion\n|\n|win|fragonstick\n|raw|fragonstick's rating: 1056 &rarr; <strong>1094</strong><br />(+38 for winning)\n|raw|Fernando III's rating: 1133 &rarr; <strong>1103</strong><br />(-30 for losing)\n",
  "uploadtime": 1776164588,
  "views": 17,
  "formatid": "gen9championsvgc2026regma",
  "rating": 1094,
  "private": 0,
  "password": null
}