{
  "id": "gen9championsvgc2026regma-2584204565",
  "format": "[Gen 9 Champions] VGC 2026 Reg M-A",
  "players": [
    "toririn8000",
    "emmesg"
  ],
  "log": "|j|\u2606toririn8000\n|j|\u2606emmesg\n|t:|1776237927\n|gametype|doubles\n|player|p1|toririn8000|rosa|1306\n|player|p2|emmesg|169|1213\n|gen|9\n|tier|[Gen 9 Champions] VGC 2026 Reg M-A\n|rated|\n|rule|Species Clause: Limit one of each Pok\u00e9mon\n|rule|Item Clause: Limit 1 of each item\n|clearpoke\n|poke|p1|Gardevoir, L50, F|\n|poke|p1|Gallade, L50, M|\n|poke|p1|Kingambit, L50, F|\n|poke|p1|Farigiraf, L50, M|\n|poke|p1|Zoroark-Hisui, L50, M|\n|poke|p1|Spiritomb, L50, F|\n|poke|p2|Blastoise, L50, F|\n|poke|p2|Farigiraf, L50, M|\n|poke|p2|Sneasler, L50, F|\n|poke|p2|Sinistcha, L50|\n|poke|p2|Excadrill, L50, F|\n|poke|p2|Talonflame, L50, M|\n|teampreview|4\n|inactive|Battle timer is ON: inactive players will automatically lose when time's up. (requested by toririn8000)\n|inactive|emmesg has 60 seconds left.\n|\n|t:|1776237968\n|teamsize|p1|4\n|teamsize|p2|4\n|start\n|switch|p1a: Gardevoir|Gardevoir, L50, F|100/100\n|switch|p1b: Farigiraf|Farigiraf, L50, M|100/100\n|switch|p2a: Talonflame|Talonflame, L50, M|100/100\n|switch|p2b: Blastoise|Blastoise, L50, F|100/100\n|turn|1\n|\n|t:|1776237982\n|detailschange|p1a: Gardevoir|Gardevoir-Mega, L50, F\n|-mega|p1a: Gardevoir|Gardevoir|Gardevoirite\n|detailschange|p2b: Blastoise|Blastoise-Mega, L50, F\n|-mega|p2b: Blastoise|Blastoise|Blastoisinite\n|move|p1b: Farigiraf|Round|p2b: Blastoise\n|-damage|p2b: Blastoise|72/100\n|move|p1a: Gardevoir|Round|p2b: Blastoise|[from] move: Round\n|-damage|p2b: Blastoise|0 fnt\n|faint|p2b: Blastoise\n|move|p2a: Talonflame|Rain Dance|p2a: Talonflame\n|-weather|RainDance\n|\n|-weather|RainDance|[upkeep]\n|upkeep\n|\n|t:|1776237993\n|switch|p2b: Excadrill|Excadrill, L50, F|100/100\n|-ability|p2b: Excadrill|Mold Breaker\n|turn|2\n|-message|emmesg forfeited.\n|\n|win|toririn8000\n|raw|toririn8000's rating: 1306 &rarr; <strong>1321</strong><br />(+15 for winning)\n|raw|emmesg's rating: 1213 &rarr; <strong>1195</strong><br />(-18 for losing)\n|l|\u2606emmesg\n|player|p2|\n",
  "uploadtime": 1776238011,
  "views": 23,
  "formatid": "gen9championsvgc2026regma",
  "rating": 1195,
  "private": 0,
  "password": null
}