{
  "id": "gen9championsvgc2026regma-2587271521",
  "format": "[Gen 9 Champions] VGC 2026 Reg M-A",
  "players": [
    "drwyz",
    "iTzuuuu"
  ],
  "log": "|j|\u2606drwyz\n|j|\u2606iTzuuuu\n|t:|1776516850\n|gametype|doubles\n|player|p1|drwyz|giovanni|1026\n|player|p2|iTzuuuu|scott|1084\n|gen|9\n|tier|[Gen 9 Champions] VGC 2026 Reg M-A\n|rated|\n|rule|Species Clause: Limit one of each Pok\u00e9mon\n|rule|Item Clause: Limit 1 of each item\n|clearpoke\n|poke|p1|Heracross, L50, F|\n|poke|p1|Whimsicott, L50, F|\n|poke|p1|Rampardos, L50, M|\n|poke|p1|Rotom-Wash, L50|\n|poke|p1|Charizard, L50, M, shiny|\n|poke|p1|Aegislash, L50, M|\n|poke|p2|Froslass, L50, F|\n|poke|p2|Garchomp, L50, F|\n|poke|p2|Rotom-Frost, L50|\n|poke|p2|Empoleon, L50, F|\n|poke|p2|Incineroar, L50, M|\n|poke|p2|Kingambit, L50, M|\n|teampreview|4\n|inactive|Battle timer is ON: inactive players will automatically lose when time's up. (requested by iTzuuuu)\n|inactive|drwyz also wants the timer to be on.\niTzuuuu has agreed to open team sheets.\n|inactive|drwyz has 60 seconds left.\n|\n|t:|1776516886\n|teamsize|p1|4\n|teamsize|p2|4\n|start\n|switch|p1a: Rampardos|Rampardos, L50, M|100/100\n|switch|p1b: Washing Day|Rotom-Wash, L50|100/100\n|switch|p2a: Froslass|Froslass, L50, F|100/100\n|switch|p2b: Rotom|Rotom-Frost, L50|100/100\n|turn|1\n|inactive|drwyz has 30 seconds left.\n|inactive|drwyz has 20 seconds left.\n|inactive|drwyz has 15 seconds left.\n|\n|t:|1776516927\n|detailschange|p2a: Froslass|Froslass-Mega, L50, F\n|-mega|p2a: Froslass|Froslass|Froslassite\n|-weather|Snowscape|[from] ability: Snow Warning|[of] p2a: Froslass\n|move|p2b: Rotom|Blizzard|p1b: Washing Day|[spread] p1a,p1b\n|-resisted|p1b: Washing Day|1\n|-damage|p1a: Rampardos|30/100\n|-damage|p1b: Washing Day|83/100\n|move|p2a: Froslass|Blizzard|p1b: Washing Day|[spread] p1a,p1b\n|-resisted|p1b: Washing Day|1\n|-damage|p1a: Rampardos|0 fnt\n|-damage|p1b: Washing Day|59/100\n|faint|p1a: Rampardos\n|move|p1b: Washing Day|Thunderbolt|p2a: Froslass\n|-damage|p2a: Froslass|45/100\n|\n|-weather|Snowscape|[upkeep]\n|upkeep\n|c|\u2606drwyz|??????? i outsped with scarf\n|c|\u2606drwyz|yet i go last?\n|c|\u2606drwyz|ok\n|-message|drwyz forfeited.\n|\n|win|iTzuuuu\n|raw|drwyz's rating: 1026 &rarr; <strong>1014</strong><br />(-12 for losing)\n|raw|iTzuuuu's rating: 1084 &rarr; <strong>1107</strong><br />(+23 for winning)\n|l|\u2606drwyz\n|player|p1|\n",
  "uploadtime": 1776516966,
  "views": 19,
  "formatid": "gen9championsvgc2026regma",
  "rating": 1014,
  "private": 0,
  "password": null
}