{
  "id": "gen9championsvgc2026regma-2585738401",
  "format": "[Gen 9 Champions] VGC 2026 Reg M-A",
  "players": [
    "dinobruhh",
    "Hdjdbsjd"
  ],
  "log": "|j|\u203ddinobruhh\n|j|\u2606Hdjdbsjd\n|t:|1776367187\n|gametype|doubles\n|player|p1|dinobruhh|169|1000\n|player|p2|Hdjdbsjd|byron|1000\n|gen|9\n|tier|[Gen 9 Champions] VGC 2026 Reg M-A\n|rated|\n|rule|Species Clause: Limit one of each Pok\u00e9mon\n|rule|Item Clause: Limit 1 of each item\n|clearpoke\n|poke|p1|Meganium, L50, M|\n|poke|p1|Pelipper, L50, M|\n|poke|p1|Sneasler, L50, M|\n|poke|p1|Garchomp, L50, M|\n|poke|p1|Incineroar, L50, F|\n|poke|p1|Gyarados, L50, F|\n|poke|p2|Froslass, L50, F|\n|poke|p2|Aerodactyl, L50, F|\n|poke|p2|Whimsicott, L50, F|\n|poke|p2|Incineroar, L50, F|\n|poke|p2|Kingambit, L50, F|\n|poke|p2|Basculegion, L50, M|\n|teampreview|4\n|\n|t:|1776367214\n|teamsize|p1|4\n|teamsize|p2|4\n|start\n|switch|p1a: Meganium|Meganium, L50, M|100/100\n|switch|p1b: Pelipper|Pelipper, L50, M|100/100\n|switch|p2a: Aerodactyl|Aerodactyl, L50, F|100/100\n|switch|p2b: Kingambit|Kingambit, L50, F|100/100\n|-ability|p2a: Aerodactyl|Unnerve\n|-weather|RainDance|[from] ability: Drizzle|[of] p1b: Pelipper\n|turn|1\n|\n|t:|1776367230\n|detailschange|p1a: Meganium|Meganium-Mega, L50, M\n|-mega|p1a: Meganium|Meganium|Meganiumite\n|move|p1a: Meganium|Protect|p1a: Meganium\n|-singleturn|p1a: Meganium|Protect\n|move|p2a: Aerodactyl|Dual Wingbeat|p1a: Meganium\n|-activate|p1a: Meganium|move: Protect\n|move|p1b: Pelipper|Tailwind|p1b: Pelipper\n|-sidestart|p1: dinobruhh|move: Tailwind\n|move|p2b: Kingambit|Swords Dance|p2b: Kingambit\n|-boost|p2b: Kingambit|atk|2\n|\n|-weather|RainDance|[upkeep]\n|upkeep\n|turn|2\n|\n|t:|1776367253\n|move|p2b: Kingambit|Protect|p2b: Kingambit\n|-singleturn|p2b: Kingambit|Protect\n|move|p1a: Meganium|Weather Ball|p2b: Kingambit\n|-activate|p2b: Kingambit|move: Protect\n|move|p1b: Pelipper|U-turn|p2a: Aerodactyl\n|-resisted|p2a: Aerodactyl|1\n|-damage|p2a: Aerodactyl|93/100\n|\n|t:|1776367265\n|switch|p1b: Sneasler|Sneasler, L50, M|100/100|[from] U-turn\n|move|p2a: Aerodactyl|Dual Wingbeat|p1a: Meganium\n|-supereffective|p1a: Meganium|1\n|-damage|p1a: Meganium|64/100\n|-supereffective|p1a: Meganium|1\n|-damage|p1a: Meganium|28/100\n|-hitcount|p1a: Meganium|2\n|\n|-weather|RainDance|[upkeep]\n|upkeep\n|turn|3\n|\n|t:|1776367289\n|move|p2b: Kingambit|Sucker Punch|p1a: Meganium\n|-resisted|p1a: Meganium|1\n|-damage|p1a: Meganium|0 fnt\n|faint|p1a: Meganium\n|move|p1b: Sneasler|Dire Claw|p2a: Aerodactyl\n|-resisted|p2a: Aerodactyl|1\n|-damage|p2a: Aerodactyl|59/100\n|-status|p2a: Aerodactyl|psn\n|-enditem|p2a: Aerodactyl|Lum Berry|[eat]\n|-curestatus|p2a: Aerodactyl|psn|[msg]\n|move|p2a: Aerodactyl|Dual Wingbeat|p1b: Sneasler\n|-supereffective|p1b: Sneasler|1\n|-crit|p1b: Sneasler\n|-damage|p1b: Sneasler|26/100\n|-supereffective|p1b: Sneasler|1\n|-damage|p1b: Sneasler|0 fnt\n|faint|p1b: Sneasler\n|-hitcount|p1: Sneasler|2\n|\n|-weather|RainDance|[upkeep]\n|upkeep\n|-message|dinobruhh forfeited.\n|\n|win|Hdjdbsjd\n|raw|dinobruhh's rating: 1000 &rarr; <strong>1000</strong><br />(+0 for losing)\n|raw|Hdjdbsjd's rating: 1000 &rarr; <strong>1040</strong><br />(+40 for winning)\n|l|\u203ddinobruhh\n|player|p1|\n",
  "uploadtime": 1776367309,
  "views": 23,
  "formatid": "gen9championsvgc2026regma",
  "rating": 1000,
  "private": 0,
  "password": null
}