{
  "id": "gen9championsvgc2026regma-2588090162",
  "format": "[Gen 9 Champions] VGC 2026 Reg M-A",
  "players": [
    "Eevee987654321",
    "volacrona"
  ],
  "log": "|j|\u2606Eevee987654321\n|j|\u2606volacrona\n|t:|1776603120\n|gametype|doubles\n|player|p1|Eevee987654321|dawn-gen4pt|1053\n|player|p2|volacrona|chili|1067\n|gen|9\n|tier|[Gen 9 Champions] VGC 2026 Reg M-A\n|rated|\n|rule|Species Clause: Limit one of each Pok\u00e9mon\n|rule|Item Clause: Limit 1 of each item\n|clearpoke\n|poke|p1|Ninetales-Alola, L50, M, shiny|\n|poke|p1|Froslass, L50, F, shiny|\n|poke|p1|Rotom-Frost, L50, shiny|\n|poke|p1|Weavile, L50, F, shiny|\n|poke|p1|Aurorus, L50, F, shiny|\n|poke|p1|Glaceon, L50, M, shiny|\n|poke|p2|Glimmora, L50, F|\n|poke|p2|Tinkaton, L50, F|\n|poke|p2|Garchomp, L50, F|\n|poke|p2|Corviknight, L50, F|\n|poke|p2|Basculegion, L50, M|\n|poke|p2|Volcarona, L50, F|\n|teampreview|4\n|\n|t:|1776603155\n|teamsize|p1|4\n|teamsize|p2|4\n|start\n|switch|p1a: White|Ninetales-Alola, L50, M, shiny|100/100\n|switch|p1b: Diana|Weavile, L50, F, shiny|100/100\n|switch|p2a: Glimmora|Glimmora, L50, F|100/100\n|switch|p2b: Basculegion|Basculegion, L50, M|100/100\n|-ability|p1b: Diana|Pressure\n|-weather|Snowscape|[from] ability: Snow Warning|[of] p1a: White\n|turn|1\n|\n|t:|1776603171\n|detailschange|p2a: Glimmora|Glimmora-Mega, L50, F\n|-mega|p2a: Glimmora|Glimmora|Glimmoranite\n|move|p2b: Basculegion|Icy Wind|p1a: White|[spread] p1b\n|-miss|p2b: Basculegion|p1a: White\n|-resisted|p1b: Diana|1\n|-damage|p1b: Diana|96/100\n|-unboost|p1b: Diana|spe|1\n|move|p2a: Glimmora|Sludge Wave|p1b: Diana|[spread] p2b,p1a,p1b\n|-resisted|p2b: Basculegion|1\n|-supereffective|p1a: White|1\n|-damage|p2b: Basculegion|67/100\n|-damage|p1a: White|0 fnt\n|-damage|p1b: Diana|18/100\n|faint|p1a: White\n|move|p1b: Diana|Knock Off|p2b: Basculegion\n|-supereffective|p2b: Basculegion|1\n|-damage|p2b: Basculegion|0 fnt\n|-enditem|p2b: Basculegion|Choice Scarf|[from] move: Knock Off|[of] p1b: Diana\n|faint|p2b: Basculegion\n|\n|-weather|Snowscape|[upkeep]\n|upkeep\n|\n|t:|1776603193\n|switch|p2b: Volcarona|Volcarona, L50, F|100/100\n|switch|p1a: Ice Queen|Froslass, L50, F, shiny|100/100\n|turn|2\n|\n|t:|1776603218\n|detailschange|p1a: Ice Queen|Froslass-Mega, L50, F, shiny\n|-mega|p1a: Ice Queen|Froslass|Froslassite\n|move|p1a: Ice Queen|Psychic|p2a: Glimmora\n|-supereffective|p2a: Glimmora|1\n|-damage|p2a: Glimmora|18/100\n|move|p2b: Volcarona|Fiery Dance|p1b: Diana\n|-supereffective|p1b: Diana|1\n|-damage|p1b: Diana|0 fnt\n|-boost|p2b: Volcarona|spa|1\n|faint|p1b: Diana\n|move|p2a: Glimmora|Power Gem|p1a: Ice Queen\n|-supereffective|p1a: Ice Queen|1\n|-damage|p1a: Ice Queen|0 fnt\n|faint|p1a: Ice Queen\n|\n|-weather|Snowscape|[upkeep]\n|upkeep\n|\n|t:|1776603232\n|switch|p1a: Wind|Aurorus, L50, F, shiny|100/100\n|turn|3\n|\n|t:|1776603243\n|move|p2b: Volcarona|Bug Buzz|p1a: Wind\n|-damage|p1a: Wind|41/100\n|move|p2a: Glimmora|Power Gem|p1a: Wind\n|-supereffective|p1a: Wind|1\n|-crit|p1a: Wind\n|-damage|p1a: Wind|0 fnt\n|faint|p1a: Wind\n|\n|win|volacrona\n|raw|Eevee987654321's rating: 1053 &rarr; <strong>1036</strong><br />(-17 for losing)\n|raw|volacrona's rating: 1067 &rarr; <strong>1096</strong><br />(+29 for winning)\n|c|\u2606volacrona|ggwp\n|l|\u2606Eevee987654321\n|player|p1|\n",
  "uploadtime": 1776603302,
  "views": 9,
  "formatid": "gen9championsvgc2026regma",
  "rating": 1036,
  "private": 0,
  "password": null
}