{
  "id": "gen9championsvgc2026regma-2585026291",
  "format": "[Gen 9 Champions] VGC 2026 Reg M-A",
  "players": [
    "soulo333",
    "Teik"
  ],
  "log": "|j|\u2606soulo333\n|j|\u2606Teik\n|t:|1776304534\n|gametype|doubles\n|player|p1|soulo333|266|1264\n|player|p2|Teik|169|1379\n|gen|9\n|tier|[Gen 9 Champions] VGC 2026 Reg M-A\n|rated|\n|rule|Species Clause: Limit one of each Pok\u00e9mon\n|rule|Item Clause: Limit 1 of each item\n|clearpoke\n|poke|p1|Charizard, L50, F|\n|poke|p1|Sneasler, L50, F|\n|poke|p1|Sinistcha, L50|\n|poke|p1|Incineroar, L50, F|\n|poke|p1|Milotic, L50, M|\n|poke|p1|Tyranitar, L50, M|\n|poke|p2|Aggron, L50, M|\n|poke|p2|Pelipper, L50, M|\n|poke|p2|Decidueye-Hisui, L50, M|\n|poke|p2|Farigiraf, L50, M|\n|poke|p2|Bellibolt, L50, F|\n|poke|p2|Rhyperior, L50, M|\n|teampreview|4\n|\n|t:|1776304557\n|teamsize|p1|4\n|teamsize|p2|4\n|start\n|switch|p1a: Charizard|Charizard, L50, F|100/100\n|switch|p1b: Sneasler|Sneasler, L50, F|100/100\n|switch|p2a: capucho|Farigiraf, L50, M|100/100\n|switch|p2b: Ronin|Decidueye-Hisui, L50, M|100/100\n|turn|1\n|\n|t:|1776304575\n|switch|p2b: Rhyperior|Rhyperior, L50, M|100/100\n|detailschange|p1a: Charizard|Charizard-Mega-X, L50, F\n|-mega|p1a: Charizard|Charizard|Charizardite X\n|move|p1b: Sneasler|Close Combat|p2a: capucho\n|-damage|p2a: capucho|46/100\n|-unboost|p1b: Sneasler|def|1\n|-unboost|p1b: Sneasler|spd|1\n|move|p1a: Charizard|Flare Blitz|p2a: capucho\n|-damage|p2a: capucho|0 fnt\n|faint|p2a: capucho\n|-damage|p1a: Charizard|82/100|[from] Recoil\n|\n|upkeep\n|\n|t:|1776304585\n|switch|p2a: Zapote|Pelipper, L50, M|100/100\n|-weather|RainDance|[from] ability: Drizzle|[of] p2a: Zapote\n|turn|2\n|\n|t:|1776304594\n|move|p1b: Sneasler|Coaching|p1a: Charizard\n|-boost|p1a: Charizard|atk|1\n|-boost|p1a: Charizard|def|1\n|move|p1a: Charizard|Dragon Dance|p1a: Charizard\n|-boost|p1a: Charizard|atk|1\n|-boost|p1a: Charizard|spe|1\n|move|p2a: Zapote|Weather Ball|p1a: Charizard\n|-damage|p1a: Charizard|13/100\n|move|p2b: Rhyperior|Earthquake|p1a: Charizard|[spread] p1a,p1b\n|-immune|p2a: Zapote\n|-supereffective|p1a: Charizard|1\n|-supereffective|p1b: Sneasler|1\n|-damage|p1a: Charizard|0 fnt\n|-enditem|p1b: Sneasler|Focus Sash\n|-damage|p1b: Sneasler|1/100\n|faint|p1a: Charizard\n|\n|-weather|RainDance|[upkeep]\n|upkeep\n|\n|t:|1776304604\n|switch|p1a: Sinistcha|Sinistcha, L50|100/100\n|-heal|p1b: Sneasler|26/100|[from] ability: Hospitality|[of] p1a: Sinistcha\n|turn|3\n|\n|t:|1776304614\n|move|p2b: Rhyperior|Protect|p2b: Rhyperior\n|-singleturn|p2b: Rhyperior|Protect\n|move|p1b: Sneasler|Close Combat|p2b: Rhyperior\n|-activate|p2b: Rhyperior|move: Protect\n|move|p1a: Sinistcha|Matcha Gotcha|p2a: Zapote|[spread] p2a\n|-activate|p2b: Rhyperior|move: Protect\n|-damage|p2a: Zapote|59/100\n|-status|p2a: Zapote|brn\n|move|p2a: Zapote|Hurricane|p1a: Sinistcha\n|-supereffective|p1a: Sinistcha|1\n|-damage|p1a: Sinistcha|0 fnt\n|faint|p1a: Sinistcha\n|\n|-weather|RainDance|[upkeep]\n|-damage|p2a: Zapote|53/100 brn|[from] brn\n|upkeep\n|-message|soulo333 forfeited.\n|\n|win|Teik\n|raw|soulo333's rating: 1264 &rarr; <strong>1247</strong><br />(-17 for losing)\n|raw|Teik's rating: 1379 &rarr; <strong>1393</strong><br />(+14 for winning)\n",
  "uploadtime": 1776304619,
  "views": 41,
  "formatid": "gen9championsvgc2026regma",
  "rating": 1247,
  "private": 0,
  "password": null
}