{
  "id": "gen9championsvgc2026regma-2582472732",
  "format": "[Gen 9 Champions] VGC 2026 Reg M-A",
  "players": [
    "Pedro Leao",
    "frankwurm2"
  ],
  "log": "|j|\u2606Pedro Leao\n|j|\u203dfrankwurm2\n|t:|1776093926\n|gametype|doubles\n|player|p1|Pedro Leao|n|1079\n|player|p2|frankwurm2|2|1112\n|gen|9\n|tier|[Gen 9 Champions] VGC 2026 Reg M-A\n|rated|\n|rule|Species Clause: Limit one of each Pok\u00e9mon\n|rule|Item Clause: Limit 1 of each item\n|clearpoke\n|poke|p1|Sinistcha, L50|\n|poke|p1|Incineroar, L50, M|\n|poke|p1|Abomasnow, L50, M|\n|poke|p1|Glaceon, L50, M|\n|poke|p1|Garchomp, L50, F|\n|poke|p1|Tyranitar, L50, M|\n|poke|p2|Alakazam, L50, F|\n|poke|p2|Klefki, L50, M|\n|poke|p2|Garganacl, L50, F|\n|poke|p2|Corviknight, L50, M|\n|poke|p2|Dragapult, L50, F|\n|poke|p2|Milotic, L50, F|\n|teampreview|4\n|inactive|Battle timer is ON: inactive players will automatically lose when time's up. (requested by frankwurm2)\n|inactive|Pedro Leao has 60 seconds left.\n|inactive|Pedro Leao has 30 seconds left.\n|\n|t:|1776094044\n|teamsize|p1|4\n|teamsize|p2|4\n|start\n|switch|p1a: Sinistcha|Sinistcha, L50|100/100\n|switch|p1b: Abomasnow|Abomasnow, L50, M|100/100\n|switch|p2a: Garganacl|Garganacl, L50, F|100/100\n|switch|p2b: Milotic|Milotic, L50, F|100/100\n|-weather|Snowscape|[from] ability: Snow Warning|[of] p1b: Abomasnow\n|turn|1\n|inactive|Pedro Leao has 30 seconds left.\n|\n|t:|1776094072\n|switch|p1b: Incineroar|Incineroar, L50, M|100/100\n|-ability|p1b: Incineroar|Intimidate|boost\n|-unboost|p2a: Garganacl|atk|1\n|-unboost|p2b: Milotic|atk|1\n|-ability|p2b: Milotic|Competitive|boost\n|-boost|p2b: Milotic|spa|2\n|move|p2b: Milotic|Ice Beam|p1a: Sinistcha\n|-supereffective|p1a: Sinistcha|1\n|-damage|p1a: Sinistcha|4/100\n|move|p2a: Garganacl|Salt Cure|p1b: Incineroar\n|-supereffective|p1b: Incineroar|1\n|-damage|p1b: Incineroar|83/100\n|-start|p1b: Incineroar|Salt Cure\n|move|p1a: Sinistcha|Trick Room|p1a: Sinistcha\n|-fieldstart|move: Trick Room|[of] p1a: Sinistcha\n|\n|-weather|Snowscape|[upkeep]\n|-damage|p1b: Incineroar|77/100|[from] Salt Cure\n|upkeep\n|turn|2\n|\n|t:|1776094096\n|move|p1b: Incineroar|Fake Out|p2b: Milotic\n|-damage|p2b: Milotic|85/100\n|move|p2a: Garganacl|Salt Cure|p1a: Sinistcha\n|-damage|p1a: Sinistcha|0 fnt\n|faint|p1a: Sinistcha\n|cant|p2b: Milotic|flinch\n|\n|-weather|Snowscape|[upkeep]\n|-damage|p1b: Incineroar|71/100|[from] Salt Cure\n|upkeep\n|\n|t:|1776094113\n|switch|p1a: Abomasnow|Abomasnow, L50, M|100/100\n|turn|3\n|\n|t:|1776094122\n|detailschange|p1a: Abomasnow|Abomasnow-Mega, L50, M\n|-mega|p1a: Abomasnow|Abomasnow|Abomasite\n|move|p1a: Abomasnow|Wood Hammer|p2a: Garganacl\n|-supereffective|p2a: Garganacl|1\n|-damage|p2a: Garganacl|24/100\n|-damage|p1a: Abomasnow|74/100|[from] Recoil\n|move|p2a: Garganacl|Salt Cure|p1a: Abomasnow\n|-supereffective|p1a: Abomasnow|1\n|-damage|p1a: Abomasnow|64/100\n|-start|p1a: Abomasnow|Salt Cure\n|move|p1b: Incineroar|Parting Shot|p2b: Milotic\n|-unboost|p2b: Milotic|atk|1\n|-ability|p2b: Milotic|Competitive|boost\n|-boost|p2b: Milotic|spa|2\n|-unboost|p2b: Milotic|spa|1\n|-ability|p2b: Milotic|Competitive|boost\n|-boost|p2b: Milotic|spa|2\n|\n|t:|1776094138\n|switch|p1b: Glaceon|Glaceon, L50, M|100/100|[from] Parting Shot\n|move|p2b: Milotic|Scald|p1b: Glaceon\n|-damage|p1b: Glaceon|0 fnt\n|faint|p1b: Glaceon\n|\n|-weather|Snowscape|[upkeep]\n|-heal|p2a: Garganacl|30/100|[from] item: Leftovers\n|-damage|p1a: Abomasnow|58/100|[from] Salt Cure\n|upkeep\n|-message|Pedro Leao forfeited.\n|\n|win|frankwurm2\n|raw|Pedro Leao's rating: 1079 &rarr; <strong>1059</strong><br />(-20 for losing)\n|raw|frankwurm2's rating: 1112 &rarr; <strong>1135</strong><br />(+23 for winning)\n|l|\u2606Pedro Leao\n|player|p1|\n",
  "uploadtime": 1776094153,
  "views": 10,
  "formatid": "gen9championsvgc2026regma",
  "rating": 1059,
  "private": 0,
  "password": null
}