{
  "id": "gen9championsvgc2026regma-2583485525",
  "format": "[Gen 9 Champions] VGC 2026 Reg M-A",
  "players": [
    "bocchicamp",
    "WojtusG"
  ],
  "log": "|j|\u2606bocchicamp\n|j|\u2606WojtusG\n|t:|1776178663\n|gametype|doubles\n|player|p1|bocchicamp|picnicker|1000\n|player|p2|WojtusG|steven|1000\n|gen|9\n|tier|[Gen 9 Champions] VGC 2026 Reg M-A\n|rated|\n|rule|Species Clause: Limit one of each Pok\u00e9mon\n|rule|Item Clause: Limit 1 of each item\n|clearpoke\n|poke|p1|Banette, L50, F|\n|poke|p1|Talonflame, L50, F|\n|poke|p1|Garchomp, L50, F|\n|poke|p1|Orthworm, L50, F|\n|poke|p1|Pelipper, L50, F|\n|poke|p1|Primarina, L50, F|\n|poke|p2|Zoroark-Hisui, L50, M|\n|poke|p2|Glalie, L50, F|\n|poke|p2|Pelipper, L50, M|\n|poke|p2|Archaludon, L50, M|\n|poke|p2|Sneasler, L50, M|\n|poke|p2|Maushold-Four, L50|\n|teampreview|4\n|\n|t:|1776178699\n|teamsize|p1|4\n|teamsize|p2|4\n|start\n|switch|p1a: Garchomp|Garchomp, L50, F|100/100\n|switch|p1b: Orthworm|Orthworm, L50, F|100/100\n|switch|p2a: Archaludon|Archaludon, L50, M|100/100\n|switch|p2b: Pelipper|Pelipper, L50, M|100/100\n|-weather|RainDance|[from] ability: Drizzle|[of] p2b: Pelipper\n|turn|1\n|\n|t:|1776178719\n|move|p1a: Garchomp|Protect|p1a: Garchomp\n|-singleturn|p1a: Garchomp|Protect\n|move|p2a: Archaludon|Nasty Plot|p2a: Archaludon\n|-boost|p2a: Archaludon|spa|2\n|move|p1b: Orthworm|Shed Tail|p1b: Orthworm\n|-start|p1b: Orthworm|Substitute|[from] move: Shed Tail\n|-damage|p1b: Orthworm|50/100\n|-enditem|p1b: Orthworm|Sitrus Berry|[eat]\n|-heal|p1b: Orthworm|75/100|[from] item: Sitrus Berry\n|\n|t:|1776178728\n|switch|p1b: Talonflame|Talonflame, L50, F|100/100|[from] Shed Tail\n|move|p2b: Pelipper|Tailwind|p2b: Pelipper\n|-sidestart|p2: WojtusG|move: Tailwind\n|\n|-weather|RainDance|[upkeep]\n|upkeep\n|turn|2\n|\n|t:|1776178751\n|move|p1b: Talonflame|Hurricane|p2a: Archaludon\n|-damage|p2a: Archaludon|25/100\n|-start|p2a: Archaludon|confusion\n|replace|p2a: Zoroark|Zoroark-Hisui, L50, M\n|-end|p2a: Zoroark|Illusion\n|-activate|p2a: Zoroark|confusion\n|move|p2a: Zoroark|Hyper Voice|p1b: Talonflame|[spread] p1a,p1b\n|-damage|p1a: Garchomp|11/100\n|-damage|p1b: Talonflame|0 fnt\n|faint|p1b: Talonflame\n|move|p1a: Garchomp|Rock Slide|p2b: Pelipper|[spread] p2a,p2b\n|-supereffective|p2b: Pelipper|1\n|-damage|p2a: Zoroark|0 fnt\n|-damage|p2b: Pelipper|63/100\n|faint|p2a: Zoroark\n|move|p2b: Pelipper|Knock Off|p1a: Garchomp\n|-damage|p1a: Garchomp|0 fnt\n|-damage|p2b: Pelipper|51/100|[from] ability: Rough Skin|[of] p1a: Garchomp\n|-enditem|p1a: Garchomp|Lum Berry|[from] move: Knock Off|[of] p2b: Pelipper\n|faint|p1a: Garchomp\n|\n|-weather|RainDance|[upkeep]\n|upkeep\n|\n|t:|1776178773\n|switch|p1b: Orthworm|Orthworm, L50, F|75/100\n|switch|p2a: Archaludon|Archaludon, L50, M|100/100\n|switch|p1a: Banette|Banette, L50, F|100/100\n|-item|p2a: Archaludon|Leftovers|[from] ability: Frisk|[of] p1a: Banette\n|-item|p2b: Pelipper|Focus Sash|[from] ability: Frisk|[of] p1a: Banette\n|turn|3\n|\n|t:|1776178796\n|detailschange|p1a: Banette|Banette-Mega, L50, F\n|-mega|p1a: Banette|Banette|Banettite\n|move|p1b: Orthworm|Helping Hand|p1a: Banette\n|-singleturn|p1a: Banette|Helping Hand|[of] p1b: Orthworm\n|move|p2a: Archaludon|Electro Shot||[still]\n|-prepare|p2a: Archaludon|Electro Shot\n|-boost|p2a: Archaludon|spa|1\n|-anim|p2a: Archaludon|Electro Shot|p1a: Banette\n|-damage|p1a: Banette|28/100\n|move|p2b: Pelipper|Knock Off|p1b: Orthworm\n|-damage|p1b: Orthworm|69/100\n|move|p1a: Banette|Poltergeist|p2a: Archaludon|[miss]\n|-miss|p1a: Banette|p2a: Archaludon\n|\n|-weather|RainDance|[upkeep]\n|upkeep\n|turn|4\n|-message|bocchicamp forfeited.\n|\n|win|WojtusG\n|raw|bocchicamp's rating: 1000 &rarr; <strong>1000</strong><br />(+0 for losing)\n|raw|WojtusG's rating: 1000 &rarr; <strong>1040</strong><br />(+40 for winning)\n|l|\u2606bocchicamp\n|player|p1|\n",
  "uploadtime": 1776178826,
  "views": 23,
  "formatid": "gen9championsvgc2026regma",
  "rating": 1000,
  "private": 0,
  "password": null
}