{
  "id": "gen9championsvgc2026regma-2588697446",
  "format": "[Gen 9 Champions] VGC 2026 Reg M-A",
  "players": [
    "PretuSafadu",
    "d4ntez"
  ],
  "log": "|j|\u2606PretuSafadu\n|j|\u2606d4ntez\n|t:|1776658957\n|gametype|doubles\n|player|p1|PretuSafadu|benga|\n|player|p2|d4ntez|cyclist|\n|gen|9\n|tier|[Gen 9 Champions] VGC 2026 Reg M-A\n|rule|Species Clause: Limit one of each Pok\u00e9mon\n|rule|Item Clause: Limit 1 of each item\n|clearpoke\n|poke|p1|Delphox, L50, M|\n|poke|p1|Runerigus, L50, F|\n|poke|p1|Azumarill, L50, F|\n|poke|p1|Pelipper, L50, F|\n|poke|p1|Incineroar, L50, F|\n|poke|p1|Reuniclus, L50, F|\n|poke|p2|Tyranitar, L50, F|\n|poke|p2|Excadrill, L50, F|\n|poke|p2|Hawlucha, L50, M|\n|poke|p2|Hydreigon, L50, F|\n|poke|p2|Maushold, L50|\n|poke|p2|Empoleon, L50, M|\n|teampreview|4\n|\n|t:|1776658985\n|teamsize|p1|4\n|teamsize|p2|4\n|start\n|switch|p1a: Azumarill|Azumarill, L50, F|100/100\n|switch|p1b: Runerigus|Runerigus, L50, F|100/100\n|switch|p2a: Tyranitar|Tyranitar, L50, F|100/100\n|switch|p2b: Empoleon|Empoleon, L50, M|100/100\n|-weather|Sandstorm|[from] ability: Sand Stream|[of] p2a: Tyranitar\n|turn|1\n|\n|t:|1776658999\n|move|p2a: Tyranitar|Knock Off|p1b: Runerigus\n|-supereffective|p1b: Runerigus|1\n|-damage|p1b: Runerigus|10/100\n|-activate|p2a: Tyranitar|Skill Swap|Wandering Spirit|Sand Stream|[of] p1b: Runerigus\n|-enditem|p1b: Runerigus|Leftovers|[from] move: Knock Off|[of] p2a: Tyranitar\n|move|p2b: Empoleon|Ice Beam|p1b: Runerigus\n|-supereffective|p1b: Runerigus|1\n|-damage|p1b: Runerigus|0 fnt\n|faint|p1b: Runerigus\n|move|p1a: Azumarill|Brutal Swing|p2b: Empoleon|[spread] p2a,p2b\n|-resisted|p2a: Tyranitar|1\n|-crit|p2a: Tyranitar\n|-damage|p2a: Tyranitar|91/100\n|-damage|p2b: Empoleon|79/100\n|-activate|p1a: Azumarill|Skill Swap|Wandering Spirit|Huge Power|[of] p2a: Tyranitar\n|\n|-weather|Sandstorm|[upkeep]\n|-damage|p1a: Azumarill|95/100|[from] Sandstorm\n|-heal|p2a: Tyranitar|98/100|[from] item: Leftovers\n|upkeep\n|\n|t:|1776659019\n|switch|p1b: Pelipper|Pelipper, L50, F|100/100\n|-weather|RainDance|[from] ability: Drizzle|[of] p1b: Pelipper\n|turn|2\n|-message|PretuSafadu forfeited.\n|\n|win|d4ntez\n|l|\u2606PretuSafadu\n|player|p1|\n",
  "uploadtime": 1776659065,
  "views": 13,
  "formatid": "gen9championsvgc2026regma",
  "rating": null,
  "private": 0,
  "password": null
}