{
  "id": "gen9championsvgc2026regma-2585122740",
  "format": "[Gen 9 Champions] VGC 2026 Reg M-A",
  "players": [
    "Winkydinker",
    "Prohxy"
  ],
  "log": "|j|\u2606Winkydinker\n|j|\u2606Prohxy\n|t:|1776314423\n|gametype|doubles\n|player|p1|Winkydinker|101|1105\n|player|p2|Prohxy|lorelei-lgpe|1034\n|gen|9\n|tier|[Gen 9 Champions] VGC 2026 Reg M-A\n|rated|\n|rule|Species Clause: Limit one of each Pok\u00e9mon\n|rule|Item Clause: Limit 1 of each item\n|clearpoke\n|poke|p1|Serperior, L50, M|\n|poke|p1|Incineroar, L50, F|\n|poke|p1|Rotom-Wash, L50|\n|poke|p1|Sneasler, L50, F|\n|poke|p1|Excadrill, L50, M|\n|poke|p1|Corviknight, L50, F|\n|poke|p2|Manectric, L50, F|\n|poke|p2|Tauros-Paldea-Blaze, L50, M|\n|poke|p2|Pidgeot, L50, F|\n|poke|p2|Politoed, L50, F|\n|poke|p2|Altaria, L50, M|\n|poke|p2|Tsareena, L50, F|\n|teampreview|4\n|inactive|Battle timer is ON: inactive players will automatically lose when time's up. (requested by Prohxy)\n|inactive|Winkydinker has 60 seconds left.\n|inactive|Prohxy has 60 seconds left.\nProhxy rejected open team sheets.\n|inactive|Prohxy has 30 seconds left.\n|\n|t:|1776314492\n|teamsize|p1|4\n|teamsize|p2|4\n|start\n|switch|p1a: Serperior|Serperior, L50, M, shiny|100/100\n|switch|p1b: Rotom|Rotom-Wash, L50, shiny|100/100\n|switch|p2a: Tsareena|Tsareena, L50, F, shiny|100/100\n|switch|p2b: Altaria|Altaria, L50, M, shiny|100/100\n|-ability|p2b: Altaria|Cloud Nine\n|turn|1\n|inactive|Winkydinker has 30 seconds left.\n|inactive|Prohxy has 30 seconds left.\n|\n|t:|1776314520\n|detailschange|p2b: Altaria|Altaria-Mega, L50, M, shiny\n|-mega|p2b: Altaria|Altaria|Altarianite\n|move|p1a: Serperior|Dragon Pulse|p2b: Altaria\n|-immune|p2b: Altaria\n|move|p2b: Altaria|Tailwind|p2b: Altaria\n|-sidestart|p2: Prohxy|move: Tailwind\n|move|p2a: Tsareena|Trop Kick|p1b: Rotom\n|-supereffective|p1b: Rotom|1\n|-damage|p1b: Rotom|0 fnt\n|faint|p1b: Rotom\n|\n|upkeep\n|-message|Winkydinker forfeited.\n|\n|win|Prohxy\n|raw|Winkydinker's rating: 1105 &rarr; <strong>1075</strong><br />(-30 for losing)\n|raw|Prohxy's rating: 1034 &rarr; <strong>1076</strong><br />(+42 for winning)\n|l|\u2606Winkydinker\n|player|p1|\n",
  "uploadtime": 1776314531,
  "views": 20,
  "formatid": "gen9championsvgc2026regma",
  "rating": 1075,
  "private": 0,
  "password": null
}