{
  "id": "gen9championsvgc2026regma-2584878999",
  "format": "[Gen 9 Champions] VGC 2026 Reg M-A",
  "players": [
    "flamtapshuckle",
    "xHoliTheus"
  ],
  "log": "|j|\u2606flamtapshuckle\n|j|\u2606xHoliTheus\n|t:|1776290950\n|gametype|doubles\n|player|p1|flamtapshuckle|tuberf|\n|player|p2|xHoliTheus|n|\n|gen|9\n|tier|[Gen 9 Champions] VGC 2026 Reg M-A\n|rated|Tournament battle\n|rule|Species Clause: Limit one of each Pok\u00e9mon\n|rule|Item Clause: Limit 1 of each item\n|raw|<div class=\"infobox\"><details class=\"readmore\" open><summary><strong>1 custom rule:</strong></summary> Force Open Team Sheets</details></div>\n|clearpoke\n|poke|p1|Aerodactyl, L50, F|\n|poke|p1|Garchomp, L50, F|\n|poke|p1|Mamoswine, L50, M|\n|poke|p1|Charizard, L50, F|\n|poke|p1|Kingambit, L50, M|\n|poke|p1|Rotom-Wash, L50|\n|poke|p2|Charizard, L50, M|\n|poke|p2|Venusaur, L50, M|\n|poke|p2|Garchomp, L50, M|\n|poke|p2|Rotom-Wash, L50|\n|poke|p2|Sneasler, L50, M|\n|poke|p2|Incineroar, L50, M|\n|teampreview|4\n|showteam|p1|Aerodactyl||FocusSash|Unnerve|RockSlide,DualWingbeat,Tailwind,Protect|||F|||50|]Garchomp||SitrusBerry|RoughSkin|Protect,DragonClaw,RockSlide,Earthquake|||F|||50|]Mamoswine||NeverMeltIce|Oblivious|IceShard,IcicleCrash,HighHorsepower,Protect|||M|||50|]Charizard||CharizarditeY|Blaze|HeatWave,SolarBeam,WeatherBall,Protect|||F|||50|]Kingambit||ChopleBerry|Defiant|KowtowCleave,IronHead,LowKick,SuckerPunch|||M|||50|]Rotom-Wash||ChoiceScarf|Levitate|HydroPump,Thunderbolt,Electroweb,VoltSwitch||||||50|\n|showteam|p2|Charizard||CharizarditeY|Blaze|SolarBeam,WeatherBall,HeatWave,Protect|||M|||50|]Venusaur||FocusSash|Chlorophyll|EnergyBall,SludgeBomb,SleepPowder,Protect|||M|||50|]Garchomp||ChoiceScarf|RoughSkin|DragonClaw,RockSlide,Earthquake,FireFang|||M|||50|]Rotom-Wash||Leftovers|Levitate|HydroPump,WillOWisp,Thunderbolt,Protect||||||50|]Sneasler||WhiteHerb|Unburden|DireClaw,RockTomb,CloseCombat,FakeOut|||M|||50|]Incineroar||SitrusBerry|Intimidate|DarkestLariat,FakeOut,PartingShot,FlareBlitz|||M|||50|\n|j| jr86\n|j| Nombrr\n|j| island pocket\n|j| Snowball_seer\n|j|%defiantvgc\n|c|\u2606xHoliTheus|Gl hv fun!!\n|c|\u2606xHoliTheus|:)\n|j| big boss dozo\n|c|\u2606flamtapshuckle|you too!\n|inactive|Battle timer is ON: inactive players will automatically lose when time's up. (requested by xHoliTheus)\n|l| Nombrr\n|l| big boss dozo\n|j| 17 character name\n|inactive|flamtapshuckle has 60 seconds left.\n|\n|t:|1776291015\n|teamsize|p1|4\n|teamsize|p2|4\n|start\n|switch|p1a: Aerodactyl|Aerodactyl, L50, F|100/100\n|switch|p1b: Kingambit|Kingambit, L50, M|100/100\n|switch|p2a: Garchomp|Garchomp, L50, M, shiny|100/100\n|switch|p2b: Rotom|Rotom-Wash, L50, shiny|100/100\n|-ability|p1a: Aerodactyl|Unnerve\n|turn|1\n|inactive|flamtapshuckle has 30 seconds left.\n|c|\u2606xHoliTheus|:3\n|j| Raynobi\n|\n|t:|1776291050\n|switch|p1b: Rotom|Rotom-Wash, L50|100/100\n|move|p2a: Garchomp|Rock Slide|p1a: Aerodactyl|[spread] p1a,p1b\n|-supereffective|p1a: Aerodactyl|1\n|-damage|p1a: Aerodactyl|32/100\n|-damage|p1b: Rotom|78/100\n|cant|p1a: Aerodactyl|flinch\n|move|p2b: Rotom|Hydro Pump|p1b: Rotom\n|-resisted|p1b: Rotom|1\n|-damage|p1b: Rotom|50/100\n|\n|upkeep\n|turn|2\n|j| Hy3ll0\n|j| Nombrr\n|c|\u2606flamtapshuckle|boooo\n|c|\u2606xHoliTheus|Yo :)\n|c|\u2606xHoliTheus|Yooo :).\n|c| Raynobi|loool\n|inactive|flamtapshuckle has 30 seconds left.\n|c|\u2606flamtapshuckle|:^)\n|inactive|flamtapshuckle has 20 seconds left.\n|inactive|flamtapshuckle has 15 seconds left.\n|j| RomiiJ\n|inactive|flamtapshuckle has 10 seconds left.\n|inactive|flamtapshuckle has 5 seconds left.\n|\n|t:|1776291100\n|switch|p1a: Kingambit|Kingambit, L50, M|100/100\n|move|p2a: Garchomp|Rock Slide|p1a: Kingambit|[spread] p1b\n|-miss|p2a: Garchomp|p1a: Kingambit\n|-damage|p1b: Rotom|27/100\n|cant|p1b: Rotom|flinch\n|move|p2b: Rotom|Thunderbolt|p1a: Kingambit\n|-damage|p1a: Kingambit|60/100\n|\n|upkeep\n|turn|3\n|c|\u2606xHoliTheus|U didn't expected that?\n|c|\u2606flamtapshuckle|which?\n|c|\u2606xHoliTheus|Slife\n|c|\u2606xHoliTheus|Slide**\n|inactive|flamtapshuckle has 30 seconds left.\n|c|\u2606flamtapshuckle|ya I just hope it doesn't flinch\n|inactive|flamtapshuckle has 20 seconds left.\n|c|\u2606xHoliTheus|I mean the first one\n|j| dozomofo\n|inactive|flamtapshuckle has 15 seconds left.\n|\n|t:|1776291141\n|move|p2a: Garchomp|Rock Slide|p1b: Rotom|[spread] p1a,p1b\n|-resisted|p1a: Kingambit|1\n|-damage|p1a: Kingambit|53/100\n|-damage|p1b: Rotom|5/100\n|move|p1b: Rotom|Thunderbolt|p2b: Rotom\n|-damage|p2b: Rotom|65/100\n|move|p2b: Rotom|Hydro Pump|p1a: Kingambit\n|-damage|p1a: Kingambit|9/100\n|cant|p1a: Kingambit|flinch\n|\n|-heal|p2b: Rotom|71/100|[from] item: Leftovers\n|upkeep\n|turn|4\n|l| dozomofo\n|j|+crystalninetales\n|c|\u2606flamtapshuckle|I expected it initially ya\n|l|+crystalninetales\n|inactive|flamtapshuckle has 30 seconds left.\n|\n|t:|1776291173\n|move|p2b: Rotom|Protect|p2b: Rotom\n|-singleturn|p2b: Rotom|Protect\n|move|p1a: Kingambit|Sucker Punch|p2a: Garchomp\n|-damage|p2a: Garchomp|64/100\n|-damage|p1a: Kingambit|0 fnt|[from] ability: Rough Skin|[of] p2a: Garchomp\n|faint|p1a: Kingambit\n|move|p2a: Garchomp|Rock Slide|p1b: Rotom\n|-damage|p1b: Rotom|0 fnt\n|faint|p1b: Rotom\n|\n|-heal|p2b: Rotom|77/100|[from] item: Leftovers\n|upkeep\n|\n|t:|1776291178\n|switch|p1b: Aerodactyl|Aerodactyl, L50, F|32/100\n|switch|p1a: Mamoswine|Mamoswine, L50, M|100/100\n|-ability|p1b: Aerodactyl|Unnerve\n|turn|5\n|\n|t:|1776291187\n|move|p1a: Mamoswine|Ice Shard|p2a: Garchomp\n|-supereffective|p2a: Garchomp|2\n|-damage|p2a: Garchomp|0 fnt\n|faint|p2a: Garchomp\n|move|p1b: Aerodactyl|Rock Slide|p2b: Rotom\n|-damage|p2b: Rotom|44/100\n|cant|p2b: Rotom|flinch\n|\n|-heal|p2b: Rotom|50/100|[from] item: Leftovers\n|upkeep\n|\n|t:|1776291190\n|switch|p2a: Charizard|Charizard, L50, M, shiny|100/100\n|turn|6\n|c|\u2606flamtapshuckle|mhm mhm\n|j| 23456ujhgrew\n|inactive|flamtapshuckle has 30 seconds left.\n|\n|t:|1776291223\n|move|p1b: Aerodactyl|Protect|p1b: Aerodactyl\n|-singleturn|p1b: Aerodactyl|Protect\n|move|p2a: Charizard|Protect|p2a: Charizard\n|-singleturn|p2a: Charizard|Protect\n|move|p1a: Mamoswine|Icicle Crash|p2b: Rotom\n|-resisted|p2b: Rotom|1\n|-damage|p2b: Rotom|25/100\n|cant|p2b: Rotom|flinch\n|\n|-heal|p2b: Rotom|31/100|[from] item: Leftovers\n|upkeep\n|turn|7\n|c|\u2606flamtapshuckle|no more moving\n|\n|t:|1776291244\n|switch|p2a: Venusaur|Venusaur, L50, M, shiny|100/100\n|move|p1a: Mamoswine|Ice Shard|p2b: Rotom\n|-resisted|p2b: Rotom|1\n|-damage|p2b: Rotom|19/100\n|move|p1b: Aerodactyl|Rock Slide|p2a: Venusaur|[spread] p2a,p2b\n|-crit|p2a: Venusaur\n|-damage|p2a: Venusaur|50/100\n|-damage|p2b: Rotom|0 fnt\n|faint|p2b: Rotom\n|\n|upkeep\n|j| Dewpider is life\n|\n|t:|1776291246\n|switch|p2b: Charizard|Charizard, L50, M, shiny|100/100\n|turn|8\n|j| funntymann\n|inactive|flamtapshuckle has 30 seconds left.\n|\n|t:|1776291272\n|detailschange|p2b: Charizard|Charizard-Mega-Y, L50, M, shiny\n|-mega|p2b: Charizard|Charizard|Charizardite Y\n|-weather|SunnyDay|[from] ability: Drought|[of] p2b: Charizard\n|move|p1a: Mamoswine|Ice Shard|p2a: Venusaur\n|-supereffective|p2a: Venusaur|1\n|-damage|p2a: Venusaur|0 fnt\n|faint|p2a: Venusaur\n|move|p1b: Aerodactyl|Rock Slide|p2b: Charizard\n|-supereffective|p2b: Charizard|2\n|-damage|p2b: Charizard|0 fnt\n|faint|p2b: Charizard\n|\n|win|flamtapshuckle\n|n|\u2606flamtapshuckle|flamtapshuckle\n|n|\u2606xHoliTheus|xholitheus\n|n| jr86|jr86\n|n| island pocket|islandpocket\n|n| Snowball_seer|snowballseer\n|n| defiantvgc|defiantvgc\n|n| 17 character name|17charactername\n|n| Raynobi|raynobi\n|n| Hy3ll0|hy3ll0\n|n| Nombrr|nombrr\n|n| RomiiJ|romiij\n|n| 23456ujhgrew|23456ujhgrew\n|n| Dewpider is life|dewpiderislife\n|n| funntymann|funntymann\n",
  "uploadtime": 1776291272,
  "views": 16,
  "formatid": "gen9championsvgc2026regma",
  "rating": null,
  "private": 0,
  "password": null
}