{
  "id": "gen9championsvgc2026regma-2583825596",
  "format": "[Gen 9 Champions] VGC 2026 Reg M-A",
  "players": [
    "alvin776",
    "Poliwhirl100"
  ],
  "log": "|j|\u2606alvin776\n|j|\u2606Poliwhirl100\n|t:|1776200683\n|gametype|doubles\n|player|p1|alvin776|169|1289\n|player|p2|Poliwhirl100|preschooler|1192\n|gen|9\n|tier|[Gen 9 Champions] VGC 2026 Reg M-A\n|rated|\n|rule|Species Clause: Limit one of each Pok\u00e9mon\n|rule|Item Clause: Limit 1 of each item\n|clearpoke\n|poke|p1|Gengar, L50, M|\n|poke|p1|Arcanine, L50, M|\n|poke|p1|Whimsicott, L50, M|\n|poke|p1|Archaludon, L50, M|\n|poke|p1|Sneasler, L50, M|\n|poke|p1|Politoed, L50, M|\n|poke|p2|Dragapult, L50, M|\n|poke|p2|Sneasler, L50, F|\n|poke|p2|Excadrill, L50, F|\n|poke|p2|Tyranitar, L50, F|\n|poke|p2|Farigiraf, L50, M|\n|poke|p2|Incineroar, L50, M|\n|teampreview|4\n|\n|t:|1776200728\n|teamsize|p1|4\n|teamsize|p2|4\n|start\n|switch|p1a: Archaludon|Archaludon, L50, M|100/100\n|switch|p1b: Arcanine|Arcanine, L50, M|100/100\n|switch|p2a: Sneasler|Sneasler, L50, F|100/100\n|switch|p2b: Dragapult|Dragapult, L50, M|100/100\n|-ability|p1b: Arcanine|Intimidate|boost\n|-unboost|p2a: Sneasler|atk|1\n|-fail|p2b: Dragapult|unboost|[from] ability: Clear Body|[of] p2b: Dragapult\n|-enditem|p2a: Sneasler|White Herb\n|-clearnegativeboost|p2a: Sneasler|[silent]\n|turn|1\n|\n|t:|1776200748\n|move|p2a: Sneasler|Close Combat|p1a: Archaludon\n|-supereffective|p1a: Archaludon|1\n|-enditem|p1a: Archaludon|Chople Berry|[eat]\n|-enditem|p1a: Archaludon|Chople Berry|[weaken]\n|-damage|p1a: Archaludon|48/100\n|-unboost|p2a: Sneasler|def|1\n|-unboost|p2a: Sneasler|spd|1\n|-ability|p1a: Archaludon|Stamina|boost\n|-boost|p1a: Archaludon|def|1\n|move|p2b: Dragapult|Draco Meteor|p1b: Arcanine\n|-damage|p1b: Arcanine|49/100\n|-unboost|p2b: Dragapult|spa|2\n|-enditem|p1b: Arcanine|Sitrus Berry|[eat]\n|-heal|p1b: Arcanine|74/100|[from] item: Sitrus Berry\n|move|p1b: Arcanine|Will-O-Wisp|p2b: Dragapult\n|-status|p2b: Dragapult|brn\n|move|p1a: Archaludon|Draco Meteor|p2a: Sneasler\n|-damage|p2a: Sneasler|0 fnt\n|-unboost|p1a: Archaludon|spa|2\n|faint|p2a: Sneasler\n|\n|-damage|p2b: Dragapult|94/100 brn|[from] brn\n|upkeep\n|\n|t:|1776200755\n|switch|p2a: Excadrill|Excadrill, L50, F|100/100\n|turn|2\n|\n|t:|1776200795\n|switch|p2b: Tyranitar|Tyranitar, L50, F|100/100\n|-weather|Sandstorm|[from] ability: Sand Stream|[of] p2b: Tyranitar\n|switch|p1b: Politoed|Politoed, L50, M|100/100\n|-weather|RainDance|[from] ability: Drizzle|[of] p1b: Politoed\n|move|p2a: Excadrill|High Horsepower|p1b: Politoed\n|-damage|p1b: Politoed|35/100\n|move|p1a: Archaludon|Draco Meteor|p2b: Tyranitar\n|-damage|p2b: Tyranitar|72/100\n|-unboost|p1a: Archaludon|spa|2\n|\n|-weather|RainDance|[upkeep]\n|-heal|p1b: Politoed|41/100|[from] item: Leftovers\n|upkeep\n|turn|3\n|\n|t:|1776200819\n|switch|p1a: Arcanine|Arcanine, L50, M|74/100\n|-ability|p1a: Arcanine|Intimidate|boost\n|-unboost|p2a: Excadrill|atk|1\n|-unboost|p2b: Tyranitar|atk|1\n|detailschange|p2b: Tyranitar|Tyranitar-Mega, L50, F\n|-mega|p2b: Tyranitar|Tyranitar|Tyranitarite\n|-weather|Sandstorm|[from] ability: Sand Stream|[of] p2b: Tyranitar\n|move|p2a: Excadrill|High Horsepower|p1a: Arcanine\n|-supereffective|p1a: Arcanine|1\n|-damage|p1a: Arcanine|0 fnt\n|faint|p1a: Arcanine\n|move|p1b: Politoed|Weather Ball|p2a: Excadrill\n|-resisted|p2a: Excadrill|2\n|-damage|p2a: Excadrill|92/100\n|move|p2b: Tyranitar|Knock Off|p1b: Politoed\n|-damage|p1b: Politoed|0 fnt\n|-enditem|p1b: Politoed|Leftovers|[from] move: Knock Off|[of] p2b: Tyranitar\n|faint|p1b: Politoed\n|\n|-weather|Sandstorm|[upkeep]\n|upkeep\n|-message|alvin776 forfeited.\n|\n|win|Poliwhirl100\n|raw|alvin776's rating: 1289 &rarr; <strong>1257</strong><br />(-32 for losing)\n|raw|Poliwhirl100's rating: 1192 &rarr; <strong>1224</strong><br />(+32 for winning)\n|l|\u2606alvin776\n|player|p1|\n",
  "uploadtime": 1776200834,
  "views": 47,
  "formatid": "gen9championsvgc2026regma",
  "rating": 1224,
  "private": 0,
  "password": null
}