{
  "id": "gen9championsvgc2026regma-2580643765",
  "format": "[Gen 9 Champions] VGC 2026 Reg M-A",
  "players": [
    "9g loris",
    "jukasinjakudo"
  ],
  "log": "|j|\u26069g loris\n|j|\u2606jukasinjakudo\n|t:|1775920779\n|gametype|doubles\n|player|p1|9g loris|1|1050\n|player|p2|jukasinjakudo|n|1067\n|gen|9\n|tier|[Gen 9 Champions] VGC 2026 Reg M-A\n|rated|\n|rule|Species Clause: Limit one of each Pok\u00e9mon\n|rule|Item Clause: Limit 1 of each item\n|clearpoke\n|poke|p1|Dragonite, L50, M|\n|poke|p1|Basculegion, L50, M|\n|poke|p1|Liepard, L50, M|\n|poke|p1|Pelipper, L50, F|\n|poke|p1|Archaludon, L50, M|\n|poke|p1|Orthworm, L50, F|\n|poke|p2|Farigiraf, L50, F|\n|poke|p2|Sylveon, L50, F|\n|poke|p2|Torkoal, L50, M|\n|poke|p2|Crabominable, L50, F|\n|poke|p2|Incineroar, L50, M|\n|poke|p2|Kingambit, L50, F|\n|teampreview|4\n|\n|t:|1775920822\n|teamsize|p1|4\n|teamsize|p2|4\n|start\n|switch|p1a: Basculegion|Basculegion, L50, M|100/100\n|switch|p1b: Liepard|Liepard, L50, M|100/100\n|switch|p2a: Farigiraf|Farigiraf, L50, F|100/100\n|switch|p2b: Sylveon|Sylveon, L50, F|100/100\n|turn|1\n|\n|t:|1775920842\n|move|p2a: Farigiraf|Helping Hand|p2b: Sylveon\n|-singleturn|p2b: Sylveon|Helping Hand|[of] p2a: Farigiraf\n|move|p1b: Liepard|Rain Dance|p1b: Liepard\n|-weather|RainDance\n|move|p1a: Basculegion|Wave Crash|p2a: Farigiraf\n|-damage|p2a: Farigiraf|0 fnt\n|faint|p2a: Farigiraf\n|-damage|p1a: Basculegion|62/100|[from] Recoil\n|move|p2b: Sylveon|Hyper Voice|p1a: Basculegion|[spread] p1a,p1b\n|-supereffective|p1b: Liepard|1\n|-damage|p1a: Basculegion|0 fnt\n|-enditem|p1b: Liepard|Focus Sash\n|-damage|p1b: Liepard|1/100\n|faint|p1a: Basculegion\n|\n|-weather|RainDance|[upkeep]\n|upkeep\n|\n|t:|1775920856\n|switch|p1a: Dragonite|Dragonite, L50, M|100/100\n|switch|p2a: Incineroar|Incineroar, L50, M|100/100\n|-ability|p2a: Incineroar|Intimidate|boost\n|-unboost|p1a: Dragonite|atk|1\n|-unboost|p1b: Liepard|atk|1\n|turn|2\n|\n|t:|1775920886\n|detailschange|p1a: Dragonite|Dragonite-Mega, L50, M\n|-mega|p1a: Dragonite|Dragonite|Dragoninite\n|move|p2a: Incineroar|Fake Out|p1b: Liepard\n|-damage|p1b: Liepard|0 fnt\n|faint|p1b: Liepard\n|move|p1a: Dragonite|Hurricane|p2b: Sylveon\n|-damage|p2b: Sylveon|54/100\n|move|p2b: Sylveon|Moonblast|p1a: Dragonite\n|-supereffective|p1a: Dragonite|1\n|-damage|p1a: Dragonite|55/100\n|-unboost|p1a: Dragonite|spa|1\n|\n|-weather|RainDance|[upkeep]\n|upkeep\n|\n|t:|1775920891\n|switch|p1b: Pelipper|Pelipper, L50, F|100/100\n|turn|3\n|\n|t:|1775920912\n|move|p2b: Sylveon|Protect|p2b: Sylveon\n|-singleturn|p2b: Sylveon|Protect\n|move|p1a: Dragonite|Hurricane|p2b: Sylveon\n|-activate|p2b: Sylveon|move: Protect\n|move|p1b: Pelipper|Weather Ball|p2b: Sylveon\n|-activate|p2b: Sylveon|move: Protect\n|move|p2a: Incineroar|Parting Shot|p1a: Dragonite\n|-unboost|p1a: Dragonite|atk|1\n|-unboost|p1a: Dragonite|spa|1\n|-message|9g loris forfeited.\n|\n|win|jukasinjakudo\n|raw|9g loris's rating: 1050 &rarr; <strong>1033</strong><br />(-17 for losing)\n|raw|jukasinjakudo's rating: 1067 &rarr; <strong>1095</strong><br />(+28 for winning)\n|l|\u26069g loris\n|player|p1|\n",
  "uploadtime": 1775920923,
  "views": 15,
  "formatid": "gen9championsvgc2026regma",
  "rating": 1033,
  "private": 0,
  "password": null
}