{
  "id": "gen9championsvgc2026regma-2585577813",
  "format": "[Gen 9 Champions] VGC 2026 Reg M-A",
  "players": [
    "BlG Ballah",
    "lookout mudd"
  ],
  "log": "|j|\u2606BlG Ballah\n|j|\u2606lookout mudd\n|t:|1776356669\n|gametype|doubles\n|player|p1|BlG Ballah|169|1065\n|player|p2|lookout mudd|steven-gen6|1107\n|gen|9\n|tier|[Gen 9 Champions] VGC 2026 Reg M-A\n|rated|\n|rule|Species Clause: Limit one of each Pok\u00e9mon\n|rule|Item Clause: Limit 1 of each item\n|clearpoke\n|poke|p1|Beedrill, L50, F|\n|poke|p1|Farigiraf, L50, M|\n|poke|p1|Aerodactyl, L50, F|\n|poke|p1|Maushold-Four, L50|\n|poke|p1|Sneasler, L50, M|\n|poke|p1|Sinistcha-Masterpiece, L50|\n|poke|p2|Snorlax, L50, M|\n|poke|p2|Mimikyu, L50, M|\n|poke|p2|Torkoal, L50, M|\n|poke|p2|Meganium, L50, F|\n|poke|p2|Maushold-Four, L50|\n|poke|p2|Chimecho, L50, M|\n|teampreview|4\n|inactive|Battle timer is ON: inactive players will automatically lose when time's up. (requested by BlG Ballah)\n|inactive|lookout mudd has 60 seconds left.\n|inactive|lookout mudd has 30 seconds left.\n|inactive|lookout mudd has 20 seconds left.\n|\n|t:|1776356754\n|teamsize|p1|4\n|teamsize|p2|4\n|start\n|switch|p1a: Beedrill|Beedrill, L50, F|100/100\n|switch|p1b: Farigiraf|Farigiraf, L50, M|100/100\n|switch|p2a: Chimecho|Chimecho, L50, M|100/100\n|switch|p2b: Foursome|Maushold-Four, L50|100/100\n|turn|1\n|\n|t:|1776356773\n|detailschange|p1a: Beedrill|Beedrill-Mega, L50, F\n|-mega|p1a: Beedrill|Beedrill|Beedrillite\n|detailschange|p2a: Chimecho|Chimecho-Mega, L50, M\n|-mega|p2a: Chimecho|Chimecho|Chimechite\n|move|p2b: Foursome|Follow Me|p2b: Foursome\n|-singleturn|p2b: Foursome|move: Follow Me\n|move|p1a: Beedrill|U-turn|p2b: Foursome\n|-damage|p2b: Foursome|19/100\n|\n|t:|1776356794\n|switch|p1a: Sneasler|Sneasler, L50, M|100/100|[from] U-turn\n|move|p1b: Farigiraf|Thunder Wave|p2b: Foursome\n|-status|p2b: Foursome|par\n|-enditem|p2b: Foursome|Lum Berry|[eat]\n|-curestatus|p2b: Foursome|par|[msg]\n|move|p2a: Chimecho|Psyshock|p1a: Sneasler\n|-supereffective|p1a: Sneasler|2\n|-damage|p1a: Sneasler|0 fnt\n|faint|p1a: Sneasler\n|\n|upkeep\n|\n|t:|1776356796\n|switch|p1a: Beedrill|Beedrill-Mega, L50, F|100/100\n|turn|2\n|\n|t:|1776356807\n|move|p1a: Beedrill|Protect|p1a: Beedrill\n|-singleturn|p1a: Beedrill|Protect\n|move|p2b: Foursome|Follow Me|p2b: Foursome\n|-singleturn|p2b: Foursome|move: Follow Me\n|move|p1b: Farigiraf|Hyper Voice|p2b: Foursome|[spread] p2a,p2b\n|-resisted|p2a: Chimecho|1\n|-damage|p2a: Chimecho|93/100\n|-damage|p2b: Foursome|0 fnt\n|faint|p2b: Foursome\n|move|p2a: Chimecho|Trick Room|p2a: Chimecho\n|-fieldstart|move: Trick Room|[of] p2a: Chimecho\n|\n|upkeep\n|\n|t:|1776356815\n|switch|p2b: Twerkoal|Torkoal, L50, M|100/100\n|-weather|SunnyDay|[from] ability: Drought|[of] p2b: Twerkoal\n|turn|3\n|-message|BlG Ballah forfeited.\n|\n|win|lookout mudd\n|raw|BlG Ballah's rating: 1042 &rarr; <strong>1029</strong><br />(-13 for losing)\n|raw|lookout mudd's rating: 1107 &rarr; <strong>1127</strong><br />(+20 for winning)\n|l|\u2606BlG Ballah\n|player|p1|\n",
  "uploadtime": 1776356826,
  "views": 26,
  "formatid": "gen9championsvgc2026regma",
  "rating": 1029,
  "private": 0,
  "password": null
}