{
  "id": "gen9championsvgc2026regma-2584292144",
  "format": "[Gen 9 Champions] VGC 2026 Reg M-A",
  "players": [
    "smp on whimsicott",
    "Chieryl"
  ],
  "log": "|j|\u2606smp on whimsicott\n|j|\u2606Chieryl\n|t:|1776247879\n|gametype|doubles\n|player|p1|smp on whimsicott|artist-gen4|1114\n|player|p2|Chieryl|lass-gen4dp|1078\n|gen|9\n|tier|[Gen 9 Champions] VGC 2026 Reg M-A\n|rated|\n|rule|Species Clause: Limit one of each Pok\u00e9mon\n|rule|Item Clause: Limit 1 of each item\n|clearpoke\n|poke|p1|Floette-Eternal, L50, F|\n|poke|p1|Aegislash, L50, M|\n|poke|p1|Basculegion, L50, M|\n|poke|p1|Pelipper, L50, M|\n|poke|p1|Sinistcha, L50|\n|poke|p1|Incineroar, L50, M|\n|poke|p2|Lopunny, L50, F|\n|poke|p2|Whimsicott, L50, F|\n|poke|p2|Zoroark-Hisui, L50, F|\n|poke|p2|Sableye, L50, F|\n|poke|p2|Weavile, L50, F|\n|poke|p2|Kommo-o, L50, M|\n|teampreview|4\n|\n|t:|1776247924\n|teamsize|p1|4\n|teamsize|p2|4\n|start\n|switch|p1a: Floette|Floette-Eternal, L50, F|100/100\n|switch|p1b: Basculegion|Basculegion, L50, M|100/100\n|switch|p2a: Sableye|Sableye, L50, F|100/100\n|switch|p2b: Lopunny|Lopunny, L50, F|100/100\n|turn|1\n|\n|t:|1776247952\n|switch|p1a: Sinistcha|Sinistcha, L50|100/100\n|move|p2b: Lopunny|Protect|p2b: Lopunny\n|-singleturn|p2b: Lopunny|Protect\n|move|p2a: Sableye|Fake Out|p1b: Basculegion\n|-immune|p1b: Basculegion\n|move|p1b: Basculegion|Flip Turn|p2a: Sableye\n|-damage|p2a: Sableye|46/100\n|-enditem|p2a: Sableye|Sitrus Berry|[eat]\n|-heal|p2a: Sableye|71/100|[from] item: Sitrus Berry\n|\n|t:|1776247964\n|switch|p1b: Floette|Floette-Eternal, L50, F|100/100|[from] Flip Turn\n|\n|upkeep\n|turn|2\n|\n|t:|1776247986\n|detailschange|p2b: Lopunny|Lopunny-Mega, L50, F\n|-mega|p2b: Lopunny|Lopunny|Lopunnite\n|detailschange|p1b: Floette|Floette-Mega, L50, F\n|-mega|p1b: Floette|Floette|Floettite\n|-ability|p1b: Floette|Fairy Aura\n|move|p2a: Sableye|Helping Hand|p2b: Lopunny\n|-singleturn|p2b: Lopunny|Helping Hand|[of] p2a: Sableye\n|move|p1a: Sinistcha|Rage Powder|p1a: Sinistcha\n|-singleturn|p1a: Sinistcha|move: Rage Powder\n|move|p2b: Lopunny|Ice Punch|p1a: Sinistcha\n|-supereffective|p1a: Sinistcha|1\n|-damage|p1a: Sinistcha|20/100\n|move|p1b: Floette|Dazzling Gleam|p2b: Lopunny|[spread] p2a,p2b\n|-supereffective|p2a: Sableye|1\n|-supereffective|p2b: Lopunny|1\n|-damage|p2a: Sableye|0 fnt\n|-damage|p2b: Lopunny|0 fnt\n|faint|p2a: Sableye\n|faint|p2b: Lopunny\n|\n|upkeep\n|\n|t:|1776248001\n|switch|p2b: Kommo-o|Kommo-o, L50, M|100/100\n|switch|p2a: Kommo-o|Kommo-o, L50, M|100/100\n|turn|3\n|-message|Chieryl forfeited.\n|\n|win|smp on whimsicott\n|raw|smp on whimsicott's rating: 1114 &rarr; <strong>1136</strong><br />(+22 for winning)\n|raw|Chieryl's rating: 1078 &rarr; <strong>1059</strong><br />(-19 for losing)\n|l|\u2606Chieryl\n|player|p2|\n",
  "uploadtime": 1776248017,
  "views": 26,
  "formatid": "gen9championsvgc2026regma",
  "rating": 1059,
  "private": 0,
  "password": null
}