{
  "id": "gen9championsvgc2026regma-2587536653",
  "format": "[Gen 9 Champions] VGC 2026 Reg M-A",
  "players": [
    "Toed Rose",
    "SaoBarca22"
  ],
  "log": "|j|\u2606Toed Rose\n|j|\u2606SaoBarca22\n|t:|1776540271\n|gametype|doubles\n|player|p1|Toed Rose|grimsley|1224\n|player|p2|SaoBarca22|cynthia-gen4|1249\n|gen|9\n|tier|[Gen 9 Champions] VGC 2026 Reg M-A\n|rated|\n|rule|Species Clause: Limit one of each Pok\u00e9mon\n|rule|Item Clause: Limit 1 of each item\n|clearpoke\n|poke|p1|Tyranitar, L50, M, shiny|\n|poke|p1|Garchomp, L50, M, shiny|\n|poke|p1|Glimmora, L50, M, shiny|\n|poke|p1|Sneasler, L50, M, shiny|\n|poke|p1|Corviknight, L50, M, shiny|\n|poke|p1|Rotom-Wash, L50, shiny|\n|poke|p2|Froslass, L50, F|\n|poke|p2|Sneasler, L50, M|\n|poke|p2|Kingambit, L50, F|\n|poke|p2|Sinistcha, L50|\n|poke|p2|Primarina, L50, F|\n|poke|p2|Talonflame, L50, M|\n|teampreview|4\n|inactive|Battle timer is ON: inactive players will automatically lose when time's up. (requested by Toed Rose)\n|inactive|Toed Rose has 60 seconds left.\n|inactive|SaoBarca22 has 60 seconds left.\n|\n|t:|1776540326\n|teamsize|p1|4\n|teamsize|p2|4\n|start\n|switch|p1a: Tyranitar|Tyranitar, L50, M, shiny|100/100\n|switch|p1b: Garchomp|Garchomp, L50, M, shiny|100/100\n|switch|p2a: Froslass|Froslass, L50, F|100/100\n|switch|p2b: Talonflame|Talonflame, L50, M|100/100\n|-weather|Sandstorm|[from] ability: Sand Stream|[of] p1a: Tyranitar\n|turn|1\n|\n|t:|1776540343\n|detailschange|p2a: Froslass|Froslass-Mega, L50, F\n|-mega|p2a: Froslass|Froslass|Froslassite\n|-weather|Snowscape|[from] ability: Snow Warning|[of] p2a: Froslass\n|detailschange|p1a: Tyranitar|Tyranitar-Mega, L50, M, shiny\n|-mega|p1a: Tyranitar|Tyranitar|Tyranitarite\n|-weather|Sandstorm|[from] ability: Sand Stream|[of] p1a: Tyranitar\n|move|p2b: Talonflame|Tailwind|p2b: Talonflame\n|-sidestart|p2: SaoBarca22|move: Tailwind\n|move|p2a: Froslass|Blizzard|p1b: Garchomp|[spread] \n|-miss|p2a: Froslass|p1a: Tyranitar\n|-miss|p2a: Froslass|p1b: Garchomp\n|move|p1b: Garchomp|Rock Slide|p2b: Talonflame|[spread] p2a,p2b\n|-supereffective|p2a: Froslass|1\n|-supereffective|p2b: Talonflame|2\n|-damage|p2a: Froslass|28/100\n|-enditem|p2b: Talonflame|Focus Sash\n|-damage|p2b: Talonflame|1/100\n|move|p1a: Tyranitar|Knock Off|p2a: Froslass\n|-supereffective|p2a: Froslass|1\n|-damage|p2a: Froslass|0 fnt\n|faint|p2a: Froslass\n|\n|-weather|Sandstorm|[upkeep]\n|-damage|p2b: Talonflame|0 fnt|[from] Sandstorm\n|faint|p2b: Talonflame\n|upkeep\n|\n|t:|1776540355\n|switch|p2b: Sinistcha|Sinistcha, L50|100/100\n|switch|p2a: Primarina|Primarina, L50, F|100/100\n|turn|2\n|inactive|SaoBarca22 has 30 seconds left.\n|\n|t:|1776540381\n|move|p2b: Sinistcha|Rage Powder|p2b: Sinistcha\n|-singleturn|p2b: Sinistcha|move: Rage Powder\n|move|p1b: Garchomp|Rock Slide|p2b: Sinistcha|[spread] p2b\n|-miss|p1b: Garchomp|p2a: Primarina\n|-damage|p2b: Sinistcha|84/100\n|move|p2a: Primarina|Hyper Voice|p1b: Garchomp|[spread] p1a\n|-miss|p2a: Primarina|p1b: Garchomp\n|-supereffective|p1a: Tyranitar|1\n|-damage|p1a: Tyranitar|66/100\n|move|p1a: Tyranitar|Knock Off|p2b: Sinistcha\n|-supereffective|p2b: Sinistcha|1\n|-damage|p2b: Sinistcha|0 fnt\n|-enditem|p2b: Sinistcha|Leftovers|[from] move: Knock Off|[of] p1a: Tyranitar\n|faint|p2b: Sinistcha\n|\n|-weather|Sandstorm|[upkeep]\n|-damage|p2a: Primarina|95/100|[from] Sandstorm\n|upkeep\n|turn|3\n|-message|SaoBarca22 forfeited.\n|\n|win|Toed Rose\n|raw|Toed Rose's rating: 1224 &rarr; <strong>1251</strong><br />(+27 for winning)\n|raw|SaoBarca22's rating: 1249 &rarr; <strong>1222</strong><br />(-27 for losing)\n|l|\u2606SaoBarca22\n|player|p2|\n",
  "uploadtime": 1776540402,
  "views": 27,
  "formatid": "gen9championsvgc2026regma",
  "rating": 1222,
  "private": 0,
  "password": null
}