{
  "id": "gen9championsvgc2026regma-2584560574",
  "format": "[Gen 9 Champions] VGC 2026 Reg M-A",
  "players": [
    "WrinklyRaccoon",
    "poktiyty3ty"
  ],
  "log": "|j|\u2606WrinklyRaccoon\n|j|\u2606poktiyty3ty\n|t:|1776268806\n|gametype|doubles\n|player|p1|WrinklyRaccoon|101|1039\n|player|p2|poktiyty3ty|miku-water|1082\n|gen|9\n|tier|[Gen 9 Champions] VGC 2026 Reg M-A\n|rated|\n|rule|Species Clause: Limit one of each Pok\u00e9mon\n|rule|Item Clause: Limit 1 of each item\n|clearpoke\n|poke|p1|Floette-Eternal, L50, F|\n|poke|p1|Maushold, L50|\n|poke|p1|Garchomp, L50, M|\n|poke|p1|Talonflame, L50, M|\n|poke|p1|Corviknight, L50, M|\n|poke|p1|Glimmora, L50, M|\n|poke|p2|Pelipper, L50, M|\n|poke|p2|Basculegion, L50, M|\n|poke|p2|Archaludon, L50, F|\n|poke|p2|Meganium, L50, M|\n|poke|p2|Sableye, L50, F|\n|poke|p2|Primarina, L50, F|\n|teampreview|4\n|inactive|Battle timer is ON: inactive players will automatically lose when time's up. (requested by WrinklyRaccoon)\npoktiyty3ty has agreed to open team sheets.\nWrinklyRaccoon rejected open team sheets.\n|\n|t:|1776268827\n|teamsize|p1|4\n|teamsize|p2|4\n|start\n|switch|p1a: Maushold|Maushold, L50|100/100\n|switch|p1b: Floette|Floette-Eternal, L50, F|100/100\n|switch|p2a: Basculegion|Basculegion, L50, M|100/100\n|switch|p2b: Sableye|Sableye, L50, F|100/100\n|turn|1\n|\n|t:|1776268842\n|detailschange|p1b: Floette|Floette-Mega, L50, F\n|-mega|p1b: Floette|Floette|Floettite\n|-ability|p1b: Floette|Fairy Aura\n|move|p1a: Maushold|Follow Me|p1a: Maushold\n|-singleturn|p1a: Maushold|move: Follow Me\n|move|p2b: Sableye|Rain Dance|p2b: Sableye\n|-weather|RainDance\n|move|p2a: Basculegion|Wave Crash|p1a: Maushold\n|-damage|p1a: Maushold|0 fnt\n|faint|p1a: Maushold\n|-damage|p2a: Basculegion|72/100|[from] Recoil\n|move|p1b: Floette|Dazzling Gleam|p2b: Sableye|[spread] p2a,p2b\n|-supereffective|p2b: Sableye|1\n|-damage|p2a: Basculegion|20/100\n|-damage|p2b: Sableye|0 fnt\n|faint|p2b: Sableye\n|\n|-weather|RainDance|[upkeep]\n|upkeep\n|\n|t:|1776268861\n|switch|p1a: Talonflame|Talonflame, L50, M|100/100\n|switch|p2b: Archaludon|Archaludon, L50, F|100/100\n|turn|2\n|\n|t:|1776268871\n|move|p1a: Talonflame|Brave Bird|p2a: Basculegion\n|-damage|p2a: Basculegion|0 fnt\n|faint|p2a: Basculegion\n|-damage|p1a: Talonflame|92/100|[from] Recoil\n|move|p1b: Floette|Light of Ruin|p2b: Archaludon\n|-damage|p2b: Archaludon|0 fnt\n|faint|p2b: Archaludon\n|-damage|p1b: Floette|46/100|[from] Recoil\n|\n|-weather|RainDance|[upkeep]\n|upkeep\n|\n|t:|1776268883\n|switch|p2a: Meganium|Meganium, L50, M|100/100\n|turn|3\n|c|\u2606WrinklyRaccoon|Lmaoo\n|c|\u2606WrinklyRaccoon|Basculegion user \ud83d\ude02\n|c|\u2606WrinklyRaccoon|and can\u2019t win \ud83d\ude02\ud83d\ude02\ud83d\ude02\n|inactive|WrinklyRaccoon has 30 seconds left.\n|inactive|poktiyty3ty has 30 seconds left.\n|c|\u2606poktiyty3ty|ok that just mean\n|\n|t:|1776268914\n|detailschange|p2a: Meganium|Meganium-Mega, L50, M\n|-mega|p2a: Meganium|Meganium|Meganiumite\n|move|p1b: Floette|Protect|p1b: Floette\n|-singleturn|p1b: Floette|Protect\n|move|p1a: Talonflame|Tailwind|p1a: Talonflame\n|-sidestart|p1: WrinklyRaccoon|move: Tailwind\n|move|p2a: Meganium|Weather Ball|p1b: Floette\n|-activate|p1b: Floette|move: Protect\n|\n|-weather|RainDance|[upkeep]\n|upkeep\n|turn|4\n|c|\u2606poktiyty3ty|what do you have against basculigein\n|inactive|poktiyty3ty has 30 seconds left.\n|\n|t:|1776268941\n|move|p1a: Talonflame|Brave Bird|p2a: Meganium\n|-supereffective|p2a: Meganium|1\n|-damage|p2a: Meganium|0 fnt\n|faint|p2a: Meganium\n|-damage|p1a: Talonflame|59/100|[from] Recoil\n|\n|win|WrinklyRaccoon\n|raw|WrinklyRaccoon's rating: 1039 &rarr; <strong>1077</strong><br />(+38 for winning)\n|raw|poktiyty3ty's rating: 1082 &rarr; <strong>1057</strong><br />(-25 for losing)\n|c|\u2606WrinklyRaccoon|He\u2019s overpowered\n|c|\u2606WrinklyRaccoon|and people who use him should be ashamed\n|l|\u2606WrinklyRaccoon\n|player|p1|\n|c|\u2606poktiyty3ty|damm ok he not that crazy\n",
  "uploadtime": 1776268986,
  "views": 31,
  "formatid": "gen9championsvgc2026regma",
  "rating": 1057,
  "private": 0,
  "password": null
}