{
  "id": "gen9championsvgc2026regma-2587994013",
  "format": "[Gen 9 Champions] VGC 2026 Reg M-A",
  "players": [
    "B. Farro",
    "JetDoesExist"
  ],
  "log": "|j|\u2606B. Farro\n|j|\u2606JetDoesExist\n|t:|1776590143\n|gametype|doubles\n|player|p1|B. Farro|ingo|1099\n|player|p2|JetDoesExist|cynthia-gen4|1043\n|gen|9\n|tier|[Gen 9 Champions] VGC 2026 Reg M-A\n|rated|\n|rule|Species Clause: Limit one of each Pok\u00e9mon\n|rule|Item Clause: Limit 1 of each item\n|clearpoke\n|poke|p1|Glimmora, L50, F|\n|poke|p1|Whimsicott, L50, M|\n|poke|p1|Altaria, L50, F|\n|poke|p1|Talonflame, L50, M|\n|poke|p1|Garchomp, L50, F|\n|poke|p1|Weavile, L50, M|\n|poke|p2|Excadrill, L50, M|\n|poke|p2|Talonflame, L50, M|\n|poke|p2|Farigiraf, L50, M|\n|poke|p2|Gardevoir, L50, M|\n|poke|p2|Crabominable, L50, M|\n|poke|p2|Drampa, L50, M|\n|teampreview|4\n|inactive|Battle timer is ON: inactive players will automatically lose when time's up. (requested by JetDoesExist)\n|\n|t:|1776590195\n|teamsize|p1|4\n|teamsize|p2|4\n|start\n|switch|p1a: Weavile|Weavile, L50, M|100/100\n|switch|p1b: Glimmora|Glimmora, L50, F|100/100\n|switch|p2a: Farigiraf|Farigiraf, L50, M|100/100\n|switch|p2b: Drampa|Drampa, L50, M|100/100\n|-ability|p1a: Weavile|Pressure\n|-ability|p2b: Drampa|Cloud Nine\n|turn|1\n|inactive|B. Farro has 30 seconds left.\n|\n|t:|1776590222\n|detailschange|p1b: Glimmora|Glimmora-Mega, L50, F\n|-mega|p1b: Glimmora|Glimmora|Glimmoranite\n|move|p1a: Weavile|Knock Off|p2a: Farigiraf\n|-supereffective|p2a: Farigiraf|1\n|-enditem|p2a: Farigiraf|Colbur Berry|[eat]\n|-enditem|p2a: Farigiraf|Colbur Berry|[weaken]\n|-damage|p2a: Farigiraf|46/100\n|move|p1b: Glimmora|Power Gem|p2a: Farigiraf\n|-damage|p2a: Farigiraf|0 fnt\n|faint|p2a: Farigiraf\n|move|p2b: Drampa|Flamethrower|p1a: Weavile\n|-supereffective|p1a: Weavile|1\n|-damage|p1a: Weavile|9/100\n|\n|upkeep\n|\n|t:|1776590244\n|switch|p2a: Gardevoir|Gardevoir, L50, M|100/100\n|turn|2\n|\n|t:|1776590255\n|detailschange|p2a: Gardevoir|Gardevoir-Mega, L50, M\n|-mega|p2a: Gardevoir|Gardevoir|Gardevoirite\n|move|p1a: Weavile|Triple Axel|p2b: Drampa\n|-supereffective|p2b: Drampa|1\n|-damage|p2b: Drampa|76/100\n|-supereffective|p2b: Drampa|1\n|-damage|p2b: Drampa|33/100\n|-supereffective|p2b: Drampa|1\n|-damage|p2b: Drampa|0 fnt\n|faint|p2b: Drampa\n|-hitcount|p2: Drampa|3\n|move|p1b: Glimmora|Sludge Bomb|p2a: Gardevoir\n|-supereffective|p2a: Gardevoir|1\n|-damage|p2a: Gardevoir|0 fnt\n|faint|p2a: Gardevoir\n|\n|upkeep\n|-message|JetDoesExist forfeited.\n|\n|win|B. Farro\n|raw|B. Farro's rating: 1099 &rarr; <strong>1120</strong><br />(+21 for winning)\n|raw|JetDoesExist's rating: 1043 &rarr; <strong>1029</strong><br />(-14 for losing)\n|l|\u2606JetDoesExist\n|player|p2|\n",
  "uploadtime": 1776590274,
  "views": 13,
  "formatid": "gen9championsvgc2026regma",
  "rating": 1029,
  "private": 0,
  "password": null
}