{
  "id": "gen9championsvgc2026regma-2587421862",
  "format": "[Gen 9 Champions] VGC 2026 Reg M-A",
  "players": [
    "FefenTineo",
    "leonsaso"
  ],
  "log": "|j|\u203dFefenTineo\n|j|\u2606leonsaso\n|t:|1776530441\n|gametype|doubles\n|player|p1|FefenTineo|hilbert|1086\n|player|p2|leonsaso|265|1000\n|gen|9\n|tier|[Gen 9 Champions] VGC 2026 Reg M-A\n|rated|\n|rule|Species Clause: Limit one of each Pok\u00e9mon\n|rule|Item Clause: Limit 1 of each item\n|clearpoke\n|poke|p1|Charizard, L50, M, shiny|\n|poke|p1|Sneasler, L50, M|\n|poke|p1|Rotom-Wash, L50, shiny|\n|poke|p1|Venusaur, L50, M, shiny|\n|poke|p1|Garchomp, L50, M, shiny|\n|poke|p1|Incineroar, L50, M, shiny|\n|poke|p2|Basculegion, L50, M|\n|poke|p2|Clawitzer, L50, F|\n|poke|p2|Pelipper, L50, F|\n|poke|p2|Steelix, L50, F|\n|poke|p2|Archaludon, L50, M|\n|poke|p2|Klefki, L50, F|\n|teampreview|4\n|\n|t:|1776530456\n|teamsize|p1|4\n|teamsize|p2|4\n|start\n|switch|p1a: Sneasler|Sneasler, L50, M|100/100\n|switch|p1b: Rotom|Rotom-Wash, L50, shiny|100/100\n|switch|p2a: Pelipper|Pelipper, L50, F|100/100\n|switch|p2b: Steelix|Steelix, L50, F|100/100\n|-weather|RainDance|[from] ability: Drizzle|[of] p2a: Pelipper\n|turn|1\n|inactive|Battle timer is ON: inactive players will automatically lose when time's up. (requested by FefenTineo)\n|\n|t:|1776530486\n|detailschange|p2b: Steelix|Steelix-Mega, L50, F\n|-mega|p2b: Steelix|Steelix|Steelixite\n|move|p1a: Sneasler|Fake Out|p2b: Steelix\n|-resisted|p2b: Steelix|1\n|-damage|p2b: Steelix|98/100\n|move|p1b: Rotom|Volt Switch|p2a: Pelipper\n|-supereffective|p2a: Pelipper|2\n|-damage|p2a: Pelipper|0 fnt\n|faint|p2a: Pelipper\n|\n|t:|1776530506\n|switch|p1b: Charizard|Charizard, L50, M, shiny|100/100|[from] Volt Switch\n|cant|p2b: Steelix|flinch\n|\n|-weather|RainDance|[upkeep]\n|upkeep\n|\n|t:|1776530515\n|switch|p2a: Basculegion|Basculegion, L50, M|100/100\n|turn|2\n|\n|t:|1776530532\n|switch|p1a: Venusaur|Venusaur, L50, M, shiny|100/100\n|detailschange|p1b: Charizard|Charizard-Mega-Y, L50, M, shiny\n|-mega|p1b: Charizard|Charizard|Charizardite Y\n|-weather|SunnyDay|[from] ability: Drought|[of] p1b: Charizard\n|move|p1b: Charizard|Protect|p1b: Charizard\n|-singleturn|p1b: Charizard|Protect\n|move|p2a: Basculegion|Flip Turn|p1b: Charizard\n|-activate|p1b: Charizard|move: Protect\n|move|p2b: Steelix|Body Press|p1b: Charizard\n|-activate|p1b: Charizard|move: Protect\n|\n|-weather|SunnyDay|[upkeep]\n|upkeep\n|turn|3\n|\n|t:|1776530553\n|move|p1a: Venusaur|Leaf Storm|p2a: Basculegion\n|-supereffective|p2a: Basculegion|1\n|-damage|p2a: Basculegion|0 fnt\n|-unboost|p1a: Venusaur|spa|2\n|faint|p2a: Basculegion\n|move|p1b: Charizard|Weather Ball|p2b: Steelix\n|-supereffective|p2b: Steelix|1\n|-damage|p2b: Steelix|0 fnt\n|faint|p2b: Steelix\n|\n|-weather|SunnyDay|[upkeep]\n|upkeep\n|\n|t:|1776530566\n|switch|p2b: Archaludon|Archaludon, L50, M|100/100\n|turn|4\n|\n|t:|1776530575\n|move|p1a: Venusaur|Sleep Powder|p2b: Archaludon\n|-status|p2b: Archaludon|slp|[from] move: Sleep Powder\n|move|p1b: Charizard|Weather Ball|p2b: Archaludon\n|-damage|p2b: Archaludon|0 fnt\n|faint|p2b: Archaludon\n|\n|win|FefenTineo\n|raw|FefenTineo's rating: 1086 &rarr; <strong>1107</strong><br />(+21 for winning)\n|raw|leonsaso's rating: 1000 &rarr; <strong>1000</strong><br />(+0 for losing)\n|l|\u2606leonsaso\n|player|p2|\n",
  "uploadtime": 1776530585,
  "views": 13,
  "formatid": "gen9championsvgc2026regma",
  "rating": 1000,
  "private": 0,
  "password": null
}