{
  "id": "gen9championsvgc2026regma-2586582387",
  "format": "[Gen 9 Champions] VGC 2026 Reg M-A",
  "players": [
    "DylanNoPancakes",
    "Inkreative"
  ],
  "log": "|j|\u2606DylanNoPancakes\n|j|\u2606Inkreative\n|t:|1776444712\n|gametype|doubles\n|player|p1|DylanNoPancakes|265|1041\n|player|p2|Inkreative|266|1110\n|gen|9\n|tier|[Gen 9 Champions] VGC 2026 Reg M-A\n|rated|\n|rule|Species Clause: Limit one of each Pok\u00e9mon\n|rule|Item Clause: Limit 1 of each item\n|clearpoke\n|poke|p1|Pelipper, L50, M|\n|poke|p1|Basculegion, L50, M|\n|poke|p1|Incineroar, L50, M|\n|poke|p1|Sinistcha, L50|\n|poke|p1|Glalie, L50, M|\n|poke|p1|Sneasler, L50, F|\n|poke|p2|Pelipper, L50, M|\n|poke|p2|Dragapult, L50, M|\n|poke|p2|Sableye, L50, M|\n|poke|p2|Incineroar, L50, F|\n|poke|p2|Corviknight, L50, F|\n|poke|p2|Ditto, L50|\n|teampreview|4\n|\n|t:|1776444735\n|teamsize|p1|4\n|teamsize|p2|4\n|start\n|switch|p1a: Glalie|Glalie, L50, M|100/100\n|switch|p1b: Pelipper|Pelipper, L50, M|100/100\n|switch|p2a: Sableye|Sableye, L50, M|100/100\n|switch|p2b: Dragapult|Dragapult, L50, M|100/100\n|-weather|RainDance|[from] ability: Drizzle|[of] p1b: Pelipper\n|turn|1\n|inactive|Battle timer is ON: inactive players will automatically lose when time's up. (requested by DylanNoPancakes)\n|\n|t:|1776444752\n|detailschange|p1a: Glalie|Glalie-Mega, L50, M\n|-mega|p1a: Glalie|Glalie|Glalitite\n|move|p1b: Pelipper|Protect|p1b: Pelipper\n|-singleturn|p1b: Pelipper|Protect\n|move|p2b: Dragapult|Thunder|p1b: Pelipper\n|-activate|p1b: Pelipper|move: Protect\n|move|p1a: Glalie|Explosion|p2a: Sableye|[spread] p2a,p2b\n|-activate|p1b: Pelipper|move: Protect\n|-supereffective|p2b: Dragapult|1\n|-damage|p2a: Sableye|0 fnt\n|-enditem|p2b: Dragapult|Focus Sash\n|-damage|p2b: Dragapult|1/100\n|faint|p1a: Glalie\n|faint|p2a: Sableye\n|\n|-weather|RainDance|[upkeep]\n|upkeep\n|\n|t:|1776444771\n|switch|p1a: Basculegion|Basculegion, L50, M|100/100\n|switch|p2a: Incineroar|Incineroar, L50, F|100/100\n|-ability|p2a: Incineroar|Intimidate|boost\n|-unboost|p1a: Basculegion|atk|1\n|-unboost|p1b: Pelipper|atk|1\n|turn|2\n|\n|t:|1776444791\n|move|p1a: Basculegion|Flip Turn|p2b: Dragapult\n|-resisted|p2b: Dragapult|1\n|-damage|p2b: Dragapult|0 fnt\n|faint|p2b: Dragapult\n|\n|t:|1776444793\n|switch|p1a: Sneasler|Sneasler, L50, F|100/100|[from] Flip Turn\n|move|p1b: Pelipper|Weather Ball|p2a: Incineroar\n|-supereffective|p2a: Incineroar|1\n|-damage|p2a: Incineroar|0 fnt\n|faint|p2a: Incineroar\n|\n|-weather|RainDance|[upkeep]\n|upkeep\n|-message|Inkreative forfeited.\n|\n|win|DylanNoPancakes\n|raw|DylanNoPancakes's rating: 1041 &rarr; <strong>1081</strong><br />(+40 for winning)\n|raw|Inkreative's rating: 1110 &rarr; <strong>1080</strong><br />(-30 for losing)\n|l|\u2606Inkreative\n|player|p2|\n",
  "uploadtime": 1776444799,
  "views": 38,
  "formatid": "gen9championsvgc2026regma",
  "rating": 1080,
  "private": 0,
  "password": null
}