{
  "id": "gen9championsvgc2026regma-2582171809",
  "format": "[Gen 9 Champions] VGC 2026 Reg M-A",
  "players": [
    "soolerwtf",
    "sdfhgbsidfjnv"
  ],
  "log": "|j|\u2606soolerwtf\n|j|\u2606sdfhgbsidfjnv\n|t:|1776067105\n|gametype|doubles\n|player|p1|soolerwtf|170|1000\n|player|p2|sdfhgbsidfjnv|170|1040\n|gen|9\n|tier|[Gen 9 Champions] VGC 2026 Reg M-A\n|rated|\n|rule|Species Clause: Limit one of each Pok\u00e9mon\n|rule|Item Clause: Limit 1 of each item\n|clearpoke\n|poke|p1|Basculegion-F, L50, F|\n|poke|p1|Pelipper, L50, F|\n|poke|p1|Farigiraf, L50, F|\n|poke|p1|Heliolisk, L50, M|\n|poke|p1|Toxicroak, L50, M|\n|poke|p1|Greninja-*, L50, F|\n|poke|p2|Aerodactyl, L50, M|\n|poke|p2|Incineroar, L50, M|\n|poke|p2|Floette-Eternal, L50, F|\n|poke|p2|Basculegion, L50, M|\n|poke|p2|Garchomp, L50, M|\n|poke|p2|Sneasler, L50, F|\n|teampreview|4\n|\n|t:|1776067142\n|teamsize|p1|4\n|teamsize|p2|4\n|start\n|switch|p1a: Basculegion|Basculegion-F, L50, F, shiny|100/100\n|switch|p1b: Pelipper|Pelipper, L50, F|100/100\n|switch|p2a: Aerodactyl|Aerodactyl, L50, M|100/100\n|switch|p2b: Floette|Floette-Eternal, L50, F|100/100\n|-ability|p2a: Aerodactyl|Unnerve\n|-weather|RainDance|[from] ability: Drizzle|[of] p1b: Pelipper\n|turn|1\n|\n|t:|1776067172\n|switch|p1b: Toxicroak|Toxicroak, L50, M|100/100\n|detailschange|p2b: Floette|Floette-Mega, L50, F\n|-mega|p2b: Floette|Floette|Floettite\n|-ability|p2b: Floette|Fairy Aura\n|move|p2a: Aerodactyl|Tailwind|p2a: Aerodactyl\n|-sidestart|p2: sdfhgbsidfjnv|move: Tailwind\n|move|p2b: Floette|Light of Ruin|p1a: Basculegion\n|-damage|p1a: Basculegion|0 fnt\n|faint|p1a: Basculegion\n|-damage|p2b: Floette|35/100|[from] Recoil\n|\n|-weather|RainDance|[upkeep]\n|upkeep\n|\n|t:|1776067184\n|switch|p1a: Heliolisk|Heliolisk, L50, M|100/100\n|turn|2\n|\n|t:|1776067196\n|move|p1b: Toxicroak|Fake Out|p2b: Floette\n|-damage|p2b: Floette|16/100\n|move|p2a: Aerodactyl|Dual Wingbeat|p1b: Toxicroak\n|-supereffective|p1b: Toxicroak|1\n|-damage|p1b: Toxicroak|52/100\n|-supereffective|p1b: Toxicroak|1\n|-damage|p1b: Toxicroak|0 fnt\n|faint|p1b: Toxicroak\n|-hitcount|p1: Toxicroak|2\n|cant|p2b: Floette|flinch\n|move|p1a: Heliolisk|Thunder|p2a: Aerodactyl\n|-supereffective|p2a: Aerodactyl|1\n|-enditem|p2a: Aerodactyl|Focus Sash\n|-damage|p2a: Aerodactyl|1/100\n|\n|-weather|RainDance|[upkeep]\n|upkeep\n|\n|t:|1776067203\n|switch|p1b: Pelipper|Pelipper, L50, F|100/100\n|turn|3\n|\n|t:|1776067215\n|move|p1b: Pelipper|Wide Guard|p1b: Pelipper\n|-singleturn|p1b: Pelipper|Wide Guard\n|move|p2a: Aerodactyl|Rock Slide|p1a: Heliolisk|[spread] \n|-activate|p1a: Heliolisk|move: Wide Guard\n|-activate|p1b: Pelipper|move: Wide Guard\n|move|p2b: Floette|Moonblast|p1a: Heliolisk\n|-damage|p1a: Heliolisk|0 fnt\n|faint|p1a: Heliolisk\n|\n|-weather|RainDance|[upkeep]\n|upkeep\n|turn|4\n|-message|soolerwtf forfeited.\n|\n|win|sdfhgbsidfjnv\n|raw|soolerwtf's rating: 1000 &rarr; <strong>1000</strong><br />(+0 for losing)\n|raw|sdfhgbsidfjnv's rating: 1040 &rarr; <strong>1070</strong><br />(+30 for winning)\n|l|\u2606soolerwtf\n|player|p1|\n",
  "uploadtime": 1776067227,
  "views": 10,
  "formatid": "gen9championsvgc2026regma",
  "rating": 1000,
  "private": 0,
  "password": null
}