{
  "id": "gen9championsvgc2026regma-2586076824",
  "format": "[Gen 9 Champions] VGC 2026 Reg M-A",
  "players": [
    "Jackal.dd",
    "malphitemaniac"
  ],
  "log": "|j|\u2606Jackal.dd\n|j|\u2606malphitemaniac\n|t:|1776396477\n|gametype|doubles\n|player|p1|Jackal.dd|cheryl|1086\n|player|p2|malphitemaniac|102|1066\n|gen|9\n|tier|[Gen 9 Champions] VGC 2026 Reg M-A\n|rated|\n|rule|Species Clause: Limit one of each Pok\u00e9mon\n|rule|Item Clause: Limit 1 of each item\n|clearpoke\n|poke|p1|Gardevoir, L50, F|\n|poke|p1|Aegislash, L50, F|\n|poke|p1|Rotom-Heat, L50|\n|poke|p1|Aerodactyl, L50, F|\n|poke|p1|Hydreigon, L50, F|\n|poke|p1|Tauros-Paldea-Aqua, L50, M|\n|poke|p2|Politoed, L50, F|\n|poke|p2|Basculegion, L50, M|\n|poke|p2|Meganium, L50, M|\n|poke|p2|Archaludon, L50, F|\n|poke|p2|Sneasler, L50, F|\n|poke|p2|Dragonite, L50, M|\n|teampreview|4\n|\n|t:|1776396505\n|teamsize|p1|4\n|teamsize|p2|4\n|start\n|switch|p1a: Rotom|Rotom-Heat, L50|100/100\n|switch|p1b: Aerodactyl|Aerodactyl, L50, F|100/100\n|switch|p2a: Archaludon|Archaludon, L50, F|100/100\n|switch|p2b: Basculegion|Basculegion, L50, M|100/100\n|-ability|p1b: Aerodactyl|Unnerve\n|turn|1\n|inactive|Battle timer is ON: inactive players will automatically lose when time's up. (requested by Jackal.dd)\n|inactive|malphitemaniac has 60 seconds left.\n|\n|t:|1776396540\n|move|p1a: Rotom|Volt Switch|p2b: Basculegion\n|-supereffective|p2b: Basculegion|1\n|-damage|p2b: Basculegion|30/100\n|\n|t:|1776396544\n|switch|p1a: Tauros|Tauros-Paldea-Aqua, L50, M|100/100|[from] Volt Switch\n|-ability|p1a: Tauros|Intimidate|boost\n|-unboost|p2a: Archaludon|atk|1\n|-unboost|p2b: Basculegion|atk|1\n|move|p1b: Aerodactyl|Tailwind|p1b: Aerodactyl\n|-sidestart|p1: Jackal.dd|move: Tailwind\n|move|p2b: Basculegion|Flip Turn|p1a: Tauros\n|-resisted|p1a: Tauros|1\n|-damage|p1a: Tauros|85/100\n|\n|t:|1776396566\n|switch|p2b: Politoed|Politoed, L50, F, shiny|100/100|[from] Flip Turn\n|-weather|RainDance|[from] ability: Drizzle|[of] p2b: Politoed\n|move|p2a: Archaludon|Electro Shot||[still]\n|-prepare|p2a: Archaludon|Electro Shot\n|-boost|p2a: Archaludon|spa|1\n|-anim|p2a: Archaludon|Electro Shot|p1b: Aerodactyl\n|-supereffective|p1b: Aerodactyl|1\n|-enditem|p1b: Aerodactyl|Focus Sash\n|-damage|p1b: Aerodactyl|1/100\n|\n|-weather|RainDance|[upkeep]\n|upkeep\n|turn|2\n|\n|t:|1776396585\n|move|p1b: Aerodactyl|Dual Wingbeat|p2b: Politoed\n|-damage|p2b: Politoed|79/100\n|-damage|p2b: Politoed|58/100\n|-hitcount|p2b: Politoed|2\n|move|p1a: Tauros|Close Combat|p2a: Archaludon\n|-supereffective|p2a: Archaludon|1\n|-damage|p2a: Archaludon|15/100\n|-unboost|p1a: Tauros|def|1\n|-unboost|p1a: Tauros|spd|1\n|-ability|p2a: Archaludon|Stamina|boost\n|-boost|p2a: Archaludon|def|1\n|move|p2a: Archaludon|Electro Shot||[still]\n|-prepare|p2a: Archaludon|Electro Shot\n|-boost|p2a: Archaludon|spa|1\n|-anim|p2a: Archaludon|Electro Shot|p1a: Tauros\n|-supereffective|p1a: Tauros|1\n|-damage|p1a: Tauros|0 fnt\n|faint|p1a: Tauros\n|move|p2b: Politoed|Icy Wind|p1b: Aerodactyl\n|-supereffective|p1b: Aerodactyl|1\n|-damage|p1b: Aerodactyl|0 fnt\n|faint|p1b: Aerodactyl\n|\n|-weather|RainDance|[upkeep]\n|-heal|p2b: Politoed|64/100|[from] item: Leftovers\n|upkeep\n|\n|t:|1776396605\n|switch|p1b: Rotom|Rotom-Heat, L50|100/100\n|switch|p1a: Gardevoir|Gardevoir, L50, F, shiny|100/100\n|turn|3\n|\n|t:|1776396630\n|detailschange|p1a: Gardevoir|Gardevoir-Mega, L50, F, shiny\n|-mega|p1a: Gardevoir|Gardevoir|Gardevoirite\n|move|p2a: Archaludon|Protect|p2a: Archaludon\n|-singleturn|p2a: Archaludon|Protect\n|move|p1b: Rotom|Thunderbolt|p2b: Politoed\n|-supereffective|p2b: Politoed|1\n|-damage|p2b: Politoed|0 fnt\n|faint|p2b: Politoed\n|move|p1a: Gardevoir|Aura Sphere|p2a: Archaludon\n|-activate|p2a: Archaludon|move: Protect\n|\n|-weather|RainDance|[upkeep]\n|upkeep\n|\n|t:|1776396642\n|switch|p2b: Dragonite|Dragonite, L50, M, shiny|100/100\n|turn|4\n|\n|t:|1776396656\n|detailschange|p2b: Dragonite|Dragonite-Mega, L50, M, shiny\n|-mega|p2b: Dragonite|Dragonite|Dragoninite\n|move|p1b: Rotom|Thunderbolt|p2b: Dragonite\n|-crit|p2b: Dragonite\n|-damage|p2b: Dragonite|77/100\n|move|p1a: Gardevoir|Hyper Voice|p2a: Archaludon|[spread] p2a,p2b\n|-supereffective|p2b: Dragonite|1\n|-damage|p2a: Archaludon|0 fnt\n|-damage|p2b: Dragonite|0 fnt\n|faint|p2a: Archaludon\n|faint|p2b: Dragonite\n|\n|-weather|RainDance|[upkeep]\n|-sideend|p1: Jackal.dd|move: Tailwind\n|upkeep\n|-message|malphitemaniac forfeited.\n|\n|win|Jackal.dd\n|raw|Jackal.dd's rating: 1086 &rarr; <strong>1112</strong><br />(+26 for winning)\n|raw|malphitemaniac's rating: 1066 &rarr; <strong>1047</strong><br />(-19 for losing)\n|l|\u2606malphitemaniac\n|player|p2|\n",
  "uploadtime": 1776396670,
  "views": 22,
  "formatid": "gen9championsvgc2026regma",
  "rating": 1047,
  "private": 0,
  "password": null
}