{
  "id": "gen9championsvgc2026regma-2583213183",
  "format": "[Gen 9 Champions] VGC 2026 Reg M-A",
  "players": [
    "javivaarela",
    "s!dd_1"
  ],
  "log": "|j|\u203djavivaarela\n|j|\u2606s!dd_1\n|t:|1776155447\n|gametype|doubles\n|player|p1|javivaarela|ingo|\n|player|p2|s!dd_1|cynthia-gen4|\n|gen|9\n|tier|[Gen 9 Champions] VGC 2026 Reg M-A\n|rated|Tournament battle\n|rule|Species Clause: Limit one of each Pok\u00e9mon\n|rule|Item Clause: Limit 1 of each item\n|raw|<div class=\"infobox\"><details class=\"readmore\" open><summary><strong>1 custom rule:</strong></summary> Force Open Team Sheets</details></div>\n|clearpoke\n|poke|p1|Charizard, L50, M|\n|poke|p1|Venusaur, L50, M|\n|poke|p1|Torkoal, L50, F|\n|poke|p1|Farigiraf, L50, M|\n|poke|p1|Incineroar, L50, M|\n|poke|p1|Golurk, L50|\n|poke|p2|Ampharos, L50, M|\n|poke|p2|Excadrill, L50, M|\n|poke|p2|Tyranitar, L50, M|\n|poke|p2|Milotic, L50, M|\n|poke|p2|Delphox, L50, M|\n|poke|p2|Sinistcha, L50|\n|teampreview|4\n|showteam|p1|Charizard||CharizarditeX|Blaze|FlareBlitz,DragonClaw,DragonDance,Protect|||M|||50|]Venusaur||FocusSash|Chlorophyll|LeafStorm,SludgeBomb,SleepPowder,Protect|||M|||50|]Torkoal||Charcoal|Drought|Eruption,WeatherBall,HelpingHand,Protect|||F|||50|]Farigiraf||SitrusBerry|ArmorTail|Psychic,HyperVoice,HelpingHand,TrickRoom|||M|||50|]Incineroar||LumBerry|Intimidate|ThroatChop,FlareBlitz,PartingShot,FakeOut|||M|||50|]Golurk||Golurkite|IronFist|HeadlongRush,Poltergeist,IcePunch,Protect||||||50|\n|showteam|p2|Ampharos||Ampharosite|Static|DragonPulse,ParabolicCharge,Thunderbolt,Protect|||M|||50|]Excadrill||FocusSash|SandRush|Earthquake,HighHorsepower,IronHead,Protect|||M|||50|]Tyranitar||ChoiceScarf|SandStream|RockSlide,KnockOff,IcePunch,LowKick|||M|||50|]Milotic||Leftovers|Competitive|Scald,IceBeam,HelpingHand,Protect|||M|||50|]Delphox||Delphoxite|Blaze|HeatWave,Psychic,Encore,Protect|||M|||50|]Sinistcha||SitrusBerry|Hospitality|MatchaGotcha,RagePowder,TrickRoom,Protect||||||50|\n|inactive|Battle timer is ON: inactive players will automatically lose when time's up. (requested by s!dd_1)\n|inactive|javivaarela also wants the timer to be on.\n|c|\u2606s!dd_1|glhf\njavivaarela has agreed to open team sheets.\ns!dd_1 has agreed to open team sheets.\n|showteam|p1|Charizard||CharizarditeX|Blaze|FlareBlitz,DragonClaw,DragonDance,Protect|||M|||50|]Venusaur||FocusSash|Chlorophyll|LeafStorm,SludgeBomb,SleepPowder,Protect|||M|||50|]Torkoal||Charcoal|Drought|Eruption,WeatherBall,HelpingHand,Protect|||F|||50|]Farigiraf||SitrusBerry|ArmorTail|Psychic,HyperVoice,HelpingHand,TrickRoom|||M|||50|]Incineroar||LumBerry|Intimidate|ThroatChop,FlareBlitz,PartingShot,FakeOut|||M|||50|]Golurk||Golurkite|IronFist|HeadlongRush,Poltergeist,IcePunch,Protect||||||50|\n|showteam|p2|Ampharos||Ampharosite|Static|DragonPulse,ParabolicCharge,Thunderbolt,Protect|||M|||50|]Excadrill||FocusSash|SandRush|Earthquake,HighHorsepower,IronHead,Protect|||M|||50|]Tyranitar||ChoiceScarf|SandStream|RockSlide,KnockOff,IcePunch,LowKick|||M|||50|]Milotic||Leftovers|Competitive|Scald,IceBeam,HelpingHand,Protect|||M|||50|]Delphox||Delphoxite|Blaze|HeatWave,Psychic,Encore,Protect|||M|||50|]Sinistcha||SitrusBerry|Hospitality|MatchaGotcha,RagePowder,TrickRoom,Protect||||||50|\n|inactive|javivaarela has 60 seconds left.\n|inactive|s!dd_1 has 60 seconds left.\n|inactive|s!dd_1 has 30 seconds left.\n|\n|t:|1776155512\n|teamsize|p1|4\n|teamsize|p2|4\n|start\n|switch|p1a: Charizard|Charizard, L50, M|100/100\n|switch|p1b: Venusaur|Venusaur, L50, M|100/100\n|switch|p2a: Delphox|Delphox, L50, M|100/100\n|switch|p2b: Milotic|Milotic, L50, M|100/100\n|turn|1\n|\n|t:|1776155534\n|detailschange|p2a: Delphox|Delphox-Mega, L50, M\n|-mega|p2a: Delphox|Delphox|Delphoxite\n|detailschange|p1a: Charizard|Charizard-Mega-X, L50, M\n|-mega|p1a: Charizard|Charizard|Charizardite X\n|move|p2a: Delphox|Protect|p2a: Delphox\n|-singleturn|p2a: Delphox|Protect\n|move|p1b: Venusaur|Protect|p1b: Venusaur\n|-singleturn|p1b: Venusaur|Protect\n|move|p1a: Charizard|Dragon Dance|p1a: Charizard\n|-boost|p1a: Charizard|atk|1\n|-boost|p1a: Charizard|spe|1\n|move|p2b: Milotic|Ice Beam|p1a: Charizard\n|-damage|p1a: Charizard|70/100\n|\n|upkeep\n|turn|2\n|inactive|javivaarela has 30 seconds left.\n|\n|t:|1776155567\n|move|p2b: Milotic|Helping Hand|p2a: Delphox\n|-singleturn|p2a: Delphox|Helping Hand|[of] p2b: Milotic\n|move|p1a: Charizard|Dragon Dance|p1a: Charizard\n|-boost|p1a: Charizard|atk|1\n|-boost|p1a: Charizard|spe|1\n|move|p2a: Delphox|Psychic|p1a: Charizard\n|-damage|p1a: Charizard|0 fnt\n|faint|p1a: Charizard\n|move|p1b: Venusaur|Leaf Storm|p2b: Milotic\n|-supereffective|p2b: Milotic|1\n|-damage|p2b: Milotic|8/100\n|-unboost|p1b: Venusaur|spa|2\n|\n|-heal|p2b: Milotic|14/100|[from] item: Leftovers\n|upkeep\n|-message|javivaarela forfeited.\n|\n|win|s!dd_1\n|n|\u203djavivaarela|javivaarela\n|n|\u2606s!dd_1|sdd1\n",
  "uploadtime": 1776155581,
  "views": 21,
  "formatid": "gen9championsvgc2026regma",
  "rating": null,
  "private": 0,
  "password": null
}