{
  "id": "gen9championsvgc2026regma-2581908130",
  "format": "[Gen 9 Champions] VGC 2026 Reg M-A",
  "players": [
    "MegaMege",
    "RealMrAwesomeman"
  ],
  "log": "|j|\u2606MegaMege\n|j|\u2606RealMrAwesomeman\n|t:|1776038734\n|gametype|doubles\n|player|p1|MegaMege|102|1000\n|player|p2|RealMrAwesomeman|waiter|1079\n|gen|9\n|tier|[Gen 9 Champions] VGC 2026 Reg M-A\n|rated|\n|rule|Species Clause: Limit one of each Pok\u00e9mon\n|rule|Item Clause: Limit 1 of each item\n|clearpoke\n|poke|p1|Gardevoir, L50, F|\n|poke|p1|Ceruledge, L50, M|\n|poke|p1|Hydreigon, L50, M|\n|poke|p1|Charizard, L50, M|\n|poke|p1|Aggron, L50, M|\n|poke|p1|Krookodile, L50, M|\n|poke|p2|Aerodactyl, L50, M|\n|poke|p2|Lycanroc-Dusk, L50, F|\n|poke|p2|Tyranitar, L50, F|\n|poke|p2|Excadrill, L50, M|\n|poke|p2|Arcanine-Hisui, L50, M|\n|poke|p2|Glimmora, L50, F|\n|teampreview|4\n|inactive|Battle timer is ON: inactive players will automatically lose when time's up. (requested by MegaMege)\nMegaMege rejected open team sheets.\n|\n|t:|1776038759\n|teamsize|p1|4\n|teamsize|p2|4\n|start\n|switch|p1a: Sobek|Krookodile, L50, M|100/100\n|switch|p1b: Tenebris|Hydreigon, L50, M|100/100\n|switch|p2a: Speap|Aerodactyl, L50, M|100/100\n|switch|p2b: Jipster|Lycanroc-Dusk, L50, F|100/100\n|-ability|p2a: Speap|Unnerve\n|-ability|p1a: Sobek|Intimidate|boost\n|-unboost|p2a: Speap|atk|1\n|-unboost|p2b: Jipster|atk|1\n|-enditem|p2b: Jipster|White Herb\n|-clearnegativeboost|p2b: Jipster|[silent]\n|turn|1\n|\n|t:|1776038783\n|move|p2a: Speap|Tailwind|p2a: Speap\n|-sidestart|p2: RealMrAwesomeman|move: Tailwind\n|move|p2b: Jipster|Close Combat|p1b: Tenebris\n|-supereffective|p1b: Tenebris|1\n|-damage|p1b: Tenebris|0 fnt\n|-unboost|p2b: Jipster|def|1\n|-unboost|p2b: Jipster|spd|1\n|faint|p1b: Tenebris\n|move|p1a: Sobek|High Horsepower|p2b: Jipster\n|-supereffective|p2b: Jipster|1\n|-damage|p2b: Jipster|0 fnt\n|faint|p2b: Jipster\n|\n|upkeep\n|\n|t:|1776038797\n|switch|p1b: Mana|Gardevoir, L50, F|100/100\n|switch|p2b: Oil Rig|Excadrill, L50, M|100/100\n|-ability|p1b: Mana|Unnerve|Trace|[from] ability: Trace|[of] p2a: Speap\n|-ability|p1b: Mana|Unnerve\n|turn|2\n|\n|t:|1776038816\n|move|p2a: Speap|Dual Wingbeat|p1a: Sobek\n|-crit|p1a: Sobek\n|-damage|p1a: Sobek|69/100\n|-damage|p1a: Sobek|53/100\n|-hitcount|p1a: Sobek|2\n|move|p2b: Oil Rig|Iron Head|p1b: Mana\n|-supereffective|p1b: Mana|1\n|-crit|p1b: Mana\n|-damage|p1b: Mana|0 fnt\n|faint|p1b: Mana\n|move|p1a: Sobek|High Horsepower|p2b: Oil Rig|[miss]\n|-miss|p1a: Sobek|p2b: Oil Rig\n|\n|upkeep\n|c|\u2606MegaMege|95 accuracy btw\n|\n|t:|1776038830\n|switch|p1b: Lucifer|Charizard, L50, M, shiny|100/100\n|turn|3\n|c|\u2606RealMrAwesomeman|im so sorry man...\n|\n|t:|1776038845\n|move|p1b: Lucifer|Protect|p1b: Lucifer\n|-singleturn|p1b: Lucifer|Protect\n|move|p2a: Speap|Rock Slide|p1b: Lucifer|[spread] p1a\n|-activate|p1b: Lucifer|move: Protect\n|-resisted|p1a: Sobek|1\n|-damage|p1a: Sobek|43/100\n|move|p2b: Oil Rig|Rock Slide|p1b: Lucifer|[spread] p1a\n|-activate|p1b: Lucifer|move: Protect\n|-resisted|p1a: Sobek|1\n|-damage|p1a: Sobek|25/100\n|cant|p1a: Sobek|flinch\n|\n|upkeep\n|turn|4\n|c|\u2606RealMrAwesomeman|...\n|\n|t:|1776038861\n|detailschange|p1b: Lucifer|Charizard-Mega-Y, L50, M, shiny\n|-mega|p1b: Lucifer|Charizard|Charizardite Y\n|-weather|SunnyDay|[from] ability: Drought|[of] p1b: Lucifer\n|move|p2a: Speap|Rock Slide|p1a: Sobek|[spread] p1a,p1b\n|-resisted|p1a: Sobek|1\n|-supereffective|p1b: Lucifer|2\n|-damage|p1a: Sobek|14/100\n|-damage|p1b: Lucifer|6/100\n|move|p2b: Oil Rig|Rock Slide|p1a: Sobek|[spread] p1a,p1b\n|-resisted|p1a: Sobek|1\n|-supereffective|p1b: Lucifer|2\n|-damage|p1a: Sobek|0 fnt\n|-damage|p1b: Lucifer|0 fnt\n|faint|p1a: Sobek\n|faint|p1b: Lucifer\n|\n|win|RealMrAwesomeman\n|raw|MegaMege's rating: 1000 &rarr; <strong>1000</strong><br />(+0 for losing)\n|raw|RealMrAwesomeman's rating: 1079 &rarr; <strong>1101</strong><br />(+22 for winning)\n|c|\u2606MegaMege|sure\n|c|\u2606MegaMege|gg\n|c|\u2606RealMrAwesomeman|im sorry man\n|c|\u2606RealMrAwesomeman|ggs\n|l|\u2606MegaMege\n|player|p1|\n",
  "uploadtime": 1776038877,
  "views": 28,
  "formatid": "gen9championsvgc2026regma",
  "rating": 1000,
  "private": 0,
  "password": null
}