{
  "id": "gen9championsvgc2026regma-2586486794",
  "format": "[Gen 9 Champions] VGC 2026 Reg M-A",
  "players": [
    "fumbari 24",
    "TheFra89"
  ],
  "log": "|j|\u2606fumbari 24\n|j|\u2606TheFra89\n|t:|1776438013\n|gametype|doubles\n|player|p1|fumbari 24|ghetsis|1239\n|player|p2|TheFra89|ghetsis-gen5bw|1182\n|gen|9\n|tier|[Gen 9 Champions] VGC 2026 Reg M-A\n|rated|\n|rule|Species Clause: Limit one of each Pok\u00e9mon\n|rule|Item Clause: Limit 1 of each item\n|clearpoke\n|poke|p1|Blastoise, L50, M|\n|poke|p1|Pelipper, L50, M|\n|poke|p1|Raichu, L50, M|\n|poke|p1|Sinistcha, L50|\n|poke|p1|Archaludon, L50, M|\n|poke|p1|Lycanroc-Dusk, L50, M|\n|poke|p2|Froslass, L50, F|\n|poke|p2|Rotom-Wash, L50|\n|poke|p2|Aerodactyl, L50, M|\n|poke|p2|Garchomp, L50, F|\n|poke|p2|Kingambit, L50, M|\n|poke|p2|Incineroar, L50, M|\n|teampreview|4\n|inactive|Battle timer is ON: inactive players will automatically lose when time's up. (requested by fumbari 24)\n|\n|t:|1776438066\n|teamsize|p1|4\n|teamsize|p2|4\n|start\n|switch|p1a: Harbor|Blastoise, L50, M|100/100\n|switch|p1b: Pippins|Raichu, L50, M|100/100\n|switch|p2a: Froslass|Froslass, L50, F|100/100\n|switch|p2b: Aerodactyl|Aerodactyl, L50, M|100/100\n|-ability|p2b: Aerodactyl|Unnerve\n|turn|1\n|\n|t:|1776438082\n|detailschange|p2a: Froslass|Froslass-Mega, L50, F\n|-mega|p2a: Froslass|Froslass|Froslassite\n|-weather|Snowscape|[from] ability: Snow Warning|[of] p2a: Froslass\n|detailschange|p1a: Harbor|Blastoise-Mega, L50, M\n|-mega|p1a: Harbor|Blastoise|Blastoisinite\n|move|p1b: Pippins|Fake Out|p2b: Aerodactyl\n|-resisted|p2b: Aerodactyl|1\n|-damage|p2b: Aerodactyl|95/100\n|cant|p2b: Aerodactyl|flinch\n|move|p2a: Froslass|Aurora Veil|p2a: Froslass\n|-sidestart|p2: TheFra89|move: Aurora Veil\n|move|p1a: Harbor|Shell Smash|p1a: Harbor\n|-unboost|p1a: Harbor|def|1\n|-unboost|p1a: Harbor|spd|1\n|-boost|p1a: Harbor|atk|2\n|-boost|p1a: Harbor|spa|2\n|-boost|p1a: Harbor|spe|2\n|\n|-weather|Snowscape|[upkeep]\n|upkeep\n|turn|2\n|\n|t:|1776438103\n|move|p1a: Harbor|Water Spout|p2b: Aerodactyl|[spread] p2a,p2b\n|-supereffective|p2b: Aerodactyl|1\n|-damage|p2a: Froslass|0 fnt\n|-damage|p2b: Aerodactyl|0 fnt\n|faint|p2a: Froslass\n|faint|p2b: Aerodactyl\n|move|p1b: Pippins|Electroweb|p2: Froslass|[notarget]\n|-fail|p1b: Pippins\n|\n|-weather|Snowscape|[upkeep]\n|upkeep\n|-message|TheFra89 forfeited.\n|\n|win|fumbari 24\n|raw|fumbari 24's rating: 1239 &rarr; <strong>1260</strong><br />(+21 for winning)\n|raw|TheFra89's rating: 1182 &rarr; <strong>1161</strong><br />(-21 for losing)\n|l|\u2606TheFra89\n|player|p2|\n",
  "uploadtime": 1776438115,
  "views": 22,
  "formatid": "gen9championsvgc2026regma",
  "rating": 1161,
  "private": 0,
  "password": null
}