{
  "id": "gen9championsvgc2026regma-2583564760",
  "format": "[Gen 9 Champions] VGC 2026 Reg M-A",
  "players": [
    "Yuhtadd",
    "charge_2754"
  ],
  "log": "|j|\u2606Yuhtadd\n|j|\u2606charge_2754\n|t:|1776183615\n|gametype|doubles\n|player|p1|Yuhtadd|lucas-gen4pt|1022\n|player|p2|charge_2754|caitlin|1013\n|gen|9\n|tier|[Gen 9 Champions] VGC 2026 Reg M-A\n|rated|\n|rule|Species Clause: Limit one of each Pok\u00e9mon\n|rule|Item Clause: Limit 1 of each item\n|clearpoke\n|poke|p1|Milotic, L50, F|\n|poke|p1|Sinistcha-Masterpiece, L50|\n|poke|p1|Delphox, L50, F|\n|poke|p1|Sneasler, L50, M|\n|poke|p1|Aerodactyl, L50, M|\n|poke|p1|Garchomp, L50, M|\n|poke|p2|Alakazam, L50, F|\n|poke|p2|Drampa, L50, F|\n|poke|p2|Sinistcha, L50|\n|poke|p2|Pelipper, L50, F|\n|poke|p2|Basculegion, L50, M|\n|poke|p2|Scizor, L50, F|\n|teampreview|4\n|inactive|Battle timer is ON: inactive players will automatically lose when time's up. (requested by charge_2754)\n|inactive|charge_2754 has 60 seconds left.\n|\n|t:|1776183668\n|teamsize|p1|4\n|teamsize|p2|4\n|start\n|switch|p1a: Milotic|Milotic, L50, F, shiny|100/100\n|switch|p1b: Sneasler|Sneasler, L50, M|100/100\n|switch|p2a: Alakazam|Alakazam, L50, F, shiny|100/100\n|switch|p2b: Drampa|Drampa, L50, F, shiny|100/100\n|-ability|p1b: Sneasler|Pressure\n|-ability|p2b: Drampa|Cloud Nine\n|turn|1\n|inactive|charge_2754 has 30 seconds left.\n|\n|t:|1776183694\n|detailschange|p2b: Drampa|Drampa-Mega, L50, F, shiny\n|-mega|p2b: Drampa|Drampa|Drampanite\n|move|p1b: Sneasler|Protect|p1b: Sneasler\n|-singleturn|p1b: Sneasler|Protect\n|move|p2a: Alakazam|Speed Swap|p2b: Drampa\n|-activate|p2a: Alakazam|move: Speed Swap|[of] p2b: Drampa\n|move|p2b: Drampa|Earth Power|p1b: Sneasler\n|-activate|p1b: Sneasler|move: Protect\n|move|p1a: Milotic|Coil|p1a: Milotic\n|-boost|p1a: Milotic|atk|1\n|-boost|p1a: Milotic|def|1\n|-boost|p1a: Milotic|accuracy|1\n|\n|upkeep\n|turn|2\n|inactive|Yuhtadd has 30 seconds left.\n|inactive|Yuhtadd has 20 seconds left.\n|inactive|Yuhtadd has 15 seconds left.\n|\n|t:|1776183737\n|switch|p2a: Pelipper|Pelipper, L50, F|100/100\n|-weather|RainDance|[from] ability: Drizzle|[of] p2a: Pelipper\n|move|p2b: Drampa|Hyper Voice|p1a: Milotic|[spread] p1a,p1b\n|-damage|p1a: Milotic|64/100\n|-damage|p1b: Sneasler|34/100\n|move|p1b: Sneasler|Close Combat|p2b: Drampa\n|-supereffective|p2b: Drampa|1\n|-damage|p2b: Drampa|0 fnt\n|-unboost|p1b: Sneasler|def|1\n|-unboost|p1b: Sneasler|spd|1\n|faint|p2b: Drampa\n|-enditem|p1b: Sneasler|White Herb\n|-clearnegativeboost|p1b: Sneasler|[silent]\n|move|p1a: Milotic|Coil|p1a: Milotic\n|-boost|p1a: Milotic|atk|1\n|-boost|p1a: Milotic|def|1\n|-boost|p1a: Milotic|accuracy|1\n|\n|-weather|RainDance|[upkeep]\n|-heal|p1a: Milotic|70/100|[from] item: Leftovers\n|upkeep\n|-message|charge_2754 forfeited.\n|\n|win|Yuhtadd\n|raw|Yuhtadd's rating: 1022 &rarr; <strong>1058</strong><br />(+36 for winning)\n|raw|charge_2754's rating: 1013 &rarr; <strong>1001</strong><br />(-12 for losing)\n|l|\u2606charge_2754\n|player|p2|\n",
  "uploadtime": 1776183763,
  "views": 23,
  "formatid": "gen9championsvgc2026regma",
  "rating": 1001,
  "private": 0,
  "password": null
}