{
  "id": "gen9championsvgc2026regma-2588677517",
  "format": "[Gen 9 Champions] VGC 2026 Reg M-A",
  "players": [
    "Kagetsuchi",
    "anov"
  ],
  "log": "|j|\u2606Kagetsuchi\n|j|\u2606anov\n|t:|1776656698\n|gametype|doubles\n|player|p1|Kagetsuchi|iris|1168\n|player|p2|anov|rosa|1151\n|gen|9\n|tier|[Gen 9 Champions] VGC 2026 Reg M-A\n|rated|\n|rule|Species Clause: Limit one of each Pok\u00e9mon\n|rule|Item Clause: Limit 1 of each item\n|clearpoke\n|poke|p1|Lucario, L50, M|\n|poke|p1|Dragonite, L50, M|\n|poke|p1|Empoleon, L50, M|\n|poke|p1|Mamoswine, L50, M|\n|poke|p1|Gengar, L50, M, shiny|\n|poke|p1|Talonflame, L50, M|\n|poke|p2|Charizard, L50, F|\n|poke|p2|Incineroar, L50, M|\n|poke|p2|Kingambit, L50, M|\n|poke|p2|Garchomp, L50, F|\n|poke|p2|Whimsicott, L50, F|\n|poke|p2|Sneasler, L50, M|\n|teampreview|4\n|\n|t:|1776656766\n|teamsize|p1|4\n|teamsize|p2|4\n|start\n|switch|p1a: Empoleon|Empoleon, L50, M|100/100\n|switch|p1b: Mamoswine|Mamoswine, L50, M|100/100\n|switch|p2a: Whimsicott|Whimsicott, L50, F|100/100\n|switch|p2b: Charizard|Charizard, L50, F|100/100\n|turn|1\n|\n|t:|1776656784\n|detailschange|p2b: Charizard|Charizard-Mega-Y, L50, F\n|-mega|p2b: Charizard|Charizard|Charizardite Y\n|-weather|SunnyDay|[from] ability: Drought|[of] p2b: Charizard\n|move|p2a: Whimsicott|Tailwind|p2a: Whimsicott\n|-sidestart|p2: anov|move: Tailwind\n|move|p2b: Charizard|Heat Wave|p1a: Empoleon|[spread] p1a,p1b\n|-supereffective|p1b: Mamoswine|1\n|-damage|p1a: Empoleon|42/100\n|-damage|p1b: Mamoswine|22/100\n|move|p1b: Mamoswine|Stone Edge|p2b: Charizard\n|-supereffective|p2b: Charizard|2\n|-damage|p2b: Charizard|0 fnt\n|faint|p2b: Charizard\n|move|p1a: Empoleon|Flash Cannon|p2a: Whimsicott\n|-supereffective|p2a: Whimsicott|1\n|-enditem|p2a: Whimsicott|Focus Sash\n|-damage|p2a: Whimsicott|1/100\n|\n|-weather|SunnyDay|[upkeep]\n|upkeep\n|\n|t:|1776656804\n|switch|p2b: Garchomp|Garchomp, L50, F|100/100\n|turn|2\n|-activate|p1a: Empoleon|item: Quick Claw\n|\n|t:|1776656815\n|move|p1b: Mamoswine|Ice Shard|p2a: Whimsicott\n|-supereffective|p2a: Whimsicott|1\n|-damage|p2a: Whimsicott|0 fnt\n|faint|p2a: Whimsicott\n|move|p1a: Empoleon|Ice Beam|p2b: Garchomp\n|-supereffective|p2b: Garchomp|2\n|-damage|p2b: Garchomp|0 fnt\n|faint|p2b: Garchomp\n|\n|-weather|SunnyDay|[upkeep]\n|upkeep\n|-message|anov forfeited.\n|\n|win|Kagetsuchi\n|raw|Kagetsuchi's rating: 1168 &rarr; <strong>1192</strong><br />(+24 for winning)\n|raw|anov's rating: 1151 &rarr; <strong>1127</strong><br />(-24 for losing)\n|l|\u2606anov\n|player|p2|\n",
  "uploadtime": 1776656831,
  "views": 12,
  "formatid": "gen9championsvgc2026regma",
  "rating": 1127,
  "private": 0,
  "password": null
}