{
  "id": "gen9championsvgc2026regma-2587133503",
  "format": "[Gen 9 Champions] VGC 2026 Reg M-A",
  "players": [
    "KeckleonKidVGC",
    "T_jame"
  ],
  "log": "|j|\u2606KeckleonKidVGC\n|j|\u2606T_jame\n|t:|1776498229\n|gametype|doubles\n|player|p1|KeckleonKidVGC|2|1346\n|player|p2|T_jame|2|1392\n|gen|9\n|tier|[Gen 9 Champions] VGC 2026 Reg M-A\n|rated|\n|rule|Species Clause: Limit one of each Pok\u00e9mon\n|rule|Item Clause: Limit 1 of each item\n|clearpoke\n|poke|p1|Gardevoir, L50, M|\n|poke|p1|Kingambit, L50, F|\n|poke|p1|Ninetales-Alola, L50, M|\n|poke|p1|Arcanine-Hisui, L50, F|\n|poke|p1|Garchomp, L50, M|\n|poke|p1|Palafin, L50, F|\n|poke|p2|Floette-Eternal, L50, F|\n|poke|p2|Farigiraf, L50, F|\n|poke|p2|Sinistcha, L50|\n|poke|p2|Incineroar, L50, M|\n|poke|p2|Rotom-Wash, L50|\n|poke|p2|Garchomp, L50, F|\n|teampreview|4\n|inactive|Battle timer is ON: inactive players will automatically lose when time's up. (requested by KeckleonKidVGC)\n|\n|t:|1776498258\n|teamsize|p1|4\n|teamsize|p2|4\n|start\n|switch|p1a: Kingambit|Kingambit, L50, F|100/100\n|switch|p1b: Ninetales|Ninetales-Alola, L50, M|100/100\n|switch|p2a: Garchomp|Garchomp, L50, F|100/100\n|switch|p2b: Farigiraf|Farigiraf, L50, F|100/100\n|-weather|Snowscape|[from] ability: Snow Warning|[of] p1b: Ninetales\n|turn|1\n|\n|t:|1776498281\n|switch|p2b: Rotom|Rotom-Wash, L50|100/100\n|move|p2a: Garchomp|Earthquake|p1b: Ninetales|[spread] p1a,p1b\n|-immune|p2b: Rotom|[from] ability: Levitate\n|-supereffective|p1a: Kingambit|1\n|-damage|p1a: Kingambit|42/100\n|-damage|p1b: Ninetales|69/100\n|move|p1b: Ninetales|Blizzard|p2a: Garchomp|[spread] p2a,p2b\n|-supereffective|p2a: Garchomp|2\n|-resisted|p2b: Rotom|1\n|-damage|p2a: Garchomp|0 fnt\n|-damage|p2b: Rotom|83/100\n|faint|p2a: Garchomp\n|move|p1a: Kingambit|Kowtow Cleave|p2b: Rotom\n|-damage|p2b: Rotom|31/100\n|-enditem|p2b: Rotom|Sitrus Berry|[eat]\n|-heal|p2b: Rotom|56/100|[from] item: Sitrus Berry\n|\n|-weather|Snowscape|[upkeep]\n|upkeep\n|\n|t:|1776498291\n|switch|p2a: Floette|Floette-Eternal, L50, F|100/100\n|turn|2\n|\n|t:|1776498302\n|detailschange|p2a: Floette|Floette-Mega, L50, F\n|-mega|p2a: Floette|Floette|Floettite\n|-ability|p2a: Floette|Fairy Aura\n|move|p1a: Kingambit|Sucker Punch|p2b: Rotom\n|-damage|p2b: Rotom|17/100\n|move|p1b: Ninetales|Blizzard|p2a: Floette|[spread] p2a,p2b\n|-resisted|p2b: Rotom|1\n|-damage|p2a: Floette|73/100\n|-damage|p2b: Rotom|2/100\n|-status|p2a: Floette|frz\n|-status|p2b: Rotom|frz\n|-curestatus|p2a: Floette|frz|[msg]\n|move|p2a: Floette|Dazzling Gleam|p1a: Kingambit|[spread] p1a,p1b\n|-damage|p1a: Kingambit|0 fnt\n|-damage|p1b: Ninetales|16/100\n|faint|p1a: Kingambit\n|cant|p2b: Rotom|frz\n|\n|-weather|Snowscape|[upkeep]\n|upkeep\n|\n|t:|1776498320\n|switch|p1a: Garchomp|Garchomp, L50, M|100/100\n|turn|3\n|\n|t:|1776498327\n|move|p1a: Garchomp|Poison Jab|p2a: Floette\n|-supereffective|p2a: Floette|1\n|-damage|p2a: Floette|0 fnt\n|faint|p2a: Floette\n|move|p1b: Ninetales|Blizzard|p2b: Rotom\n|-resisted|p2b: Rotom|1\n|-damage|p2b: Rotom|0 fnt\n|faint|p2b: Rotom\n|\n|-weather|Snowscape|[upkeep]\n|upkeep\n|-message|T_jame forfeited.\n|\n|win|KeckleonKidVGC\n|raw|KeckleonKidVGC's rating: 1346 &rarr; <strong>1369</strong><br />(+23 for winning)\n|raw|T_jame's rating: 1392 &rarr; <strong>1369</strong><br />(-23 for losing)\n|l|\u2606T_jame\n|player|p2|\n",
  "uploadtime": 1776498337,
  "views": 43,
  "formatid": "gen9championsvgc2026regma",
  "rating": 1369,
  "private": 0,
  "password": null
}