{
  "id": "gen9championsvgc2026regma-2580992536",
  "format": "[Gen 9 Champions] VGC 2026 Reg M-A",
  "players": [
    "N1ko_c",
    "varimare"
  ],
  "log": "|j|\u2606N1ko_c\n|j|\u2606varimare\n|t:|1775949778\n|gametype|doubles\n|player|p1|N1ko_c|cynthia-gen4|1291\n|player|p2|varimare|alder|1328\n|gen|9\n|tier|[Gen 9 Champions] VGC 2026 Reg M-A\n|rated|\n|rule|Species Clause: Limit one of each Pok\u00e9mon\n|rule|Item Clause: Limit 1 of each item\n|clearpoke\n|poke|p1|Froslass, L50, F|\n|poke|p1|Primarina, L50, F|\n|poke|p1|Hydreigon, L50, F|\n|poke|p1|Aerodactyl, L50, F|\n|poke|p1|Sneasler, L50, F|\n|poke|p1|Sinistcha, L50|\n|poke|p2|Sinistcha, L50|\n|poke|p2|Crabominable, L50, M|\n|poke|p2|Basculegion, L50, M|\n|poke|p2|Archaludon, L50, M|\n|poke|p2|Pelipper, L50, F|\n|poke|p2|Incineroar, L50, M|\n|teampreview|4\n|j| gE1xjZRtuhW2DdT0AK\n|\n|t:|1775949809\n|teamsize|p1|4\n|teamsize|p2|4\n|start\n|switch|p1a: Hydreigon|Hydreigon, L50, F|100/100\n|switch|p1b: Sneasler|Sneasler, L50, F|100/100\n|switch|p2a: Archaludon|Archaludon, L50, M|100/100\n|switch|p2b: Basculegion|Basculegion, L50, M|100/100\n|turn|1\n|\n|t:|1775949826\n|move|p1a: Hydreigon|Dark Pulse|p2b: Basculegion\n|-supereffective|p2b: Basculegion|1\n|-damage|p2b: Basculegion|0 fnt\n|faint|p2b: Basculegion\n|move|p1b: Sneasler|Close Combat|p2a: Archaludon\n|-supereffective|p2a: Archaludon|1\n|-enditem|p2a: Archaludon|Chople Berry|[eat]\n|-enditem|p2a: Archaludon|Chople Berry|[weaken]\n|-damage|p2a: Archaludon|58/100\n|-unboost|p1b: Sneasler|def|1\n|-unboost|p1b: Sneasler|spd|1\n|-ability|p2a: Archaludon|Stamina|boost\n|-boost|p2a: Archaludon|def|1\n|-enditem|p1b: Sneasler|White Herb\n|-clearnegativeboost|p1b: Sneasler|[silent]\n|move|p2a: Archaludon|Draco Meteor|p1a: Hydreigon\n|-supereffective|p1a: Hydreigon|1\n|-damage|p1a: Hydreigon|0 fnt\n|-unboost|p2a: Archaludon|spa|2\n|faint|p1a: Hydreigon\n|\n|upkeep\n|\n|t:|1775949848\n|switch|p1a: Froslass|Froslass, L50, F|100/100\n|switch|p2b: Pelipper|Pelipper, L50, F|100/100\n|-weather|RainDance|[from] ability: Drizzle|[of] p2b: Pelipper\n|turn|2\n|\n|t:|1775949868\n|detailschange|p1a: Froslass|Froslass-Mega, L50, F\n|-mega|p1a: Froslass|Froslass|Froslassite\n|-weather|Snowscape|[from] ability: Snow Warning|[of] p1a: Froslass\n|move|p1b: Sneasler|Dire Claw|p2b: Pelipper\n|-damage|p2b: Pelipper|46/100\n|move|p1a: Froslass|Blizzard|p2b: Pelipper|[spread] p2a,p2b\n|-damage|p2a: Archaludon|4/100\n|-damage|p2b: Pelipper|0 fnt\n|-ability|p2a: Archaludon|Stamina|boost\n|-boost|p2a: Archaludon|def|1\n|faint|p2b: Pelipper\n|move|p2a: Archaludon|Flash Cannon|p1a: Froslass\n|-supereffective|p1a: Froslass|1\n|-damage|p1a: Froslass|58/100\n|\n|-weather|Snowscape|[upkeep]\n|upkeep\n|\n|t:|1775949877\n|switch|p2b: Crabominable|Crabominable, L50, M, shiny|100/100\n|turn|3\n|\n|t:|1775949893\n|detailschange|p2b: Crabominable|Crabominable-Mega, L50, M, shiny\n|-mega|p2b: Crabominable|Crabominable|Crabominite\n|move|p1b: Sneasler|Close Combat|p2b: Crabominable\n|-supereffective|p2b: Crabominable|1\n|-damage|p2b: Crabominable|42/100\n|-unboost|p1b: Sneasler|def|1\n|-unboost|p1b: Sneasler|spd|1\n|move|p1a: Froslass|Blizzard|p2b: Crabominable|[spread] p2a,p2b\n|-resisted|p2b: Crabominable|1\n|-crit|p2b: Crabominable\n|-damage|p2a: Archaludon|0 fnt\n|-damage|p2b: Crabominable|16/100\n|faint|p2a: Archaludon\n|move|p2b: Crabominable|Ice Hammer|p1b: Sneasler\n|-damage|p1b: Sneasler|0 fnt\n|-unboost|p2b: Crabominable|spe|1\n|faint|p1b: Sneasler\n|\n|-weather|Snowscape|[upkeep]\n|upkeep\n|-message|varimare forfeited.\n|\n|win|N1ko_c\n|raw|N1ko_c's rating: 1291 &rarr; <strong>1319</strong><br />(+28 for winning)\n|raw|varimare's rating: 1328 &rarr; <strong>1306</strong><br />(-22 for losing)\n|l|\u2606varimare\n|player|p2|\n|l|\u2606N1ko_c\n|player|p1|\n",
  "uploadtime": 1775949934,
  "views": 25,
  "formatid": "gen9championsvgc2026regma",
  "rating": 1306,
  "private": 0,
  "password": null
}