{
  "id": "gen9championsvgc2026regma-2586002864",
  "format": "[Gen 9 Champions] VGC 2026 Reg M-A",
  "players": [
    "Diyante",
    "boysenorange"
  ],
  "log": "|j|\u2606Diyante\n|j|\u2606boysenorange\n|t:|1776389269\n|gametype|doubles\n|player|p1|Diyante|florian-bb|1302\n|player|p2|boysenorange|turo|1392\n|gen|9\n|tier|[Gen 9 Champions] VGC 2026 Reg M-A\n|rated|\n|rule|Species Clause: Limit one of each Pok\u00e9mon\n|rule|Item Clause: Limit 1 of each item\n|clearpoke\n|poke|p1|Delphox, L50, F|\n|poke|p1|Aerodactyl, L50, F|\n|poke|p1|Kingambit, L50, F|\n|poke|p1|Clefable, L50, F|\n|poke|p1|Dragonite, L50, F|\n|poke|p1|Rotom-Mow, L50|\n|poke|p2|Farigiraf, L50, M|\n|poke|p2|Gardevoir, L50, M|\n|poke|p2|Kangaskhan, L50, F|\n|poke|p2|Camerupt, L50, M|\n|poke|p2|Conkeldurr, L50, F|\n|poke|p2|Tinkaton, L50, F|\n|teampreview|4\n|\n|t:|1776389299\n|teamsize|p1|4\n|teamsize|p2|4\n|start\n|switch|p1a: Delphox|Delphox, L50, F, shiny|100/100\n|switch|p1b: Kingambit|Kingambit, L50, F|100/100\n|switch|p2a: Kangaskhan|Kangaskhan, L50, F|100/100\n|switch|p2b: Farigiraf|Farigiraf, L50, M|100/100\n|turn|1\n|inactive|Battle timer is ON: inactive players will automatically lose when time's up. (requested by boysenorange)\n|\n|t:|1776389314\n|detailschange|p1a: Delphox|Delphox-Mega, L50, F, shiny\n|-mega|p1a: Delphox|Delphox|Delphoxite\n|move|p2a: Kangaskhan|Fake Out|p1b: Kingambit\n|-resisted|p1b: Kingambit|1\n|-crit|p1b: Kingambit\n|-damage|p1b: Kingambit|87/100\n|move|p1a: Delphox|Heat Wave|p2b: Farigiraf|[spread] p2a,p2b\n|-crit|p2b: Farigiraf\n|-damage|p2a: Kangaskhan|60/100\n|-damage|p2b: Farigiraf|47/100\n|cant|p1b: Kingambit|flinch\n|move|p2b: Farigiraf|Trick Room|p2b: Farigiraf\n|-fieldstart|move: Trick Room|[of] p2b: Farigiraf\n|\n|upkeep\n|turn|2\n|\n|t:|1776389333\n|switch|p1b: Clefable|Clefable, L50, F|100/100\n|switch|p2b: Camerupt|Camerupt, L50, M|100/100\n|move|p2a: Kangaskhan|Last Resort|p1a: Delphox\n|-damage|p1a: Delphox|0 fnt\n|faint|p1a: Delphox\n|\n|upkeep\n|\n|t:|1776389342\n|switch|p1a: Dragonite|Dragonite, L50, F|100/100\n|turn|3\n|\n|t:|1776389360\n|detailschange|p2b: Camerupt|Camerupt-Mega, L50, M\n|-mega|p2b: Camerupt|Camerupt|Cameruptite\n|move|p1b: Clefable|Helping Hand|p1a: Dragonite\n|-singleturn|p1a: Dragonite|Helping Hand|[of] p1b: Clefable\n|move|p2b: Camerupt|Eruption|p1b: Clefable|[spread] p1a,p1b\n|-resisted|p1a: Dragonite|1\n|-damage|p1a: Dragonite|83/100\n|-damage|p1b: Clefable|54/100\n|move|p2a: Kangaskhan|Last Resort|p1a: Dragonite\n|-damage|p1a: Dragonite|0 fnt\n|faint|p1a: Dragonite\n|\n|upkeep\n|-message|Diyante forfeited.\n|\n|win|boysenorange\n|raw|Diyante's rating: 1302 &rarr; <strong>1287</strong><br />(-15 for losing)\n|raw|boysenorange's rating: 1392 &rarr; <strong>1407</strong><br />(+15 for winning)\n|l|\u2606Diyante\n|player|p1|\n",
  "uploadtime": 1776389378,
  "views": 22,
  "formatid": "gen9championsvgc2026regma",
  "rating": 1287,
  "private": 0,
  "password": null
}