{
  "id": "gen9championsvgc2026regma-2584539336",
  "format": "[Gen 9 Champions] VGC 2026 Reg M-A",
  "players": [
    "KarmicPines2002",
    "Mariojudah234"
  ],
  "log": "|j|\u2606KarmicPines2002\n|j|\u2606Mariojudah234\n|t:|1776267462\n|gametype|doubles\n|player|p1|KarmicPines2002|266|1141\n|player|p2|Mariojudah234|rood|1074\n|gen|9\n|tier|[Gen 9 Champions] VGC 2026 Reg M-A\n|rated|\n|rule|Species Clause: Limit one of each Pok\u00e9mon\n|rule|Item Clause: Limit 1 of each item\n|clearpoke\n|poke|p1|Pelipper, L50, F|\n|poke|p1|Basculegion, L50, M|\n|poke|p1|Incineroar, L50, F|\n|poke|p1|Meganium, L50, F|\n|poke|p1|Scizor, L50, M|\n|poke|p1|Garchomp, L50, F|\n|poke|p2|Greninja-*, L50, F|\n|poke|p2|Incineroar, L50, M|\n|poke|p2|Politoed, L50, F|\n|poke|p2|Archaludon, L50, M|\n|poke|p2|Sinistcha, L50|\n|poke|p2|Basculegion, L50, M|\n|teampreview|4\n|inactive|Battle timer is ON: inactive players will automatically lose when time's up. (requested by KarmicPines2002)\n|\n|t:|1776267504\n|teamsize|p1|4\n|teamsize|p2|4\n|start\n|switch|p1a: Incineroar|Incineroar, L50, F|100/100\n|switch|p1b: Meganium|Meganium, L50, F|100/100\n|switch|p2a: Greninja|Greninja, L50, F, shiny|100/100\n|switch|p2b: Politoed|Politoed, L50, F|100/100\n|-weather|RainDance|[from] ability: Drizzle|[of] p2b: Politoed\n|-ability|p1a: Incineroar|Intimidate|boost\n|-unboost|p2a: Greninja|atk|1\n|-unboost|p2b: Politoed|atk|1\n|turn|1\n|inactive|KarmicPines2002 has 30 seconds left.\n|inactive|Mariojudah234 has 30 seconds left.\n|inactive|KarmicPines2002 has 20 seconds left.\n|inactive|KarmicPines2002 has 15 seconds left.\n|\n|t:|1776267546\n|detailschange|p1b: Meganium|Meganium-Mega, L50, F\n|-mega|p1b: Meganium|Meganium|Meganiumite\n|move|p1a: Incineroar|Fake Out|p2a: Greninja\n|-damage|p2a: Greninja|82/100\n|cant|p2a: Greninja|flinch\n|move|p1b: Meganium|Solar Beam||[still]\n|-prepare|p1b: Meganium|Solar Beam\n|-activate|p1b: Meganium|ability: Mega Sol\n|-anim|p1b: Meganium|Solar Beam|p2a: Greninja\n|-supereffective|p2a: Greninja|1\n|-damage|p2a: Greninja|0 fnt\n|faint|p2a: Greninja\n|move|p2b: Politoed|Icy Wind|p1a: Incineroar|[spread] p1a\n|-miss|p2b: Politoed|p1b: Meganium\n|-resisted|p1a: Incineroar|1\n|-damage|p1a: Incineroar|97/100\n|-unboost|p1a: Incineroar|spe|1\n|\n|-weather|RainDance|[upkeep]\n|upkeep\n|inactive|Mariojudah234 has 30 seconds left.\n|inactive|Mariojudah234 has 20 seconds left.\n|inactive|Mariojudah234 has 15 seconds left.\n|inactive|Mariojudah234 has 10 seconds left.\n|inactive|Mariojudah234 has 5 seconds left.\n|-message|Mariojudah234 forfeited.\n|\n|win|KarmicPines2002\n|raw|KarmicPines2002's rating: 1141 &rarr; <strong>1161</strong><br />(+20 for winning)\n|raw|Mariojudah234's rating: 1074 &rarr; <strong>1057</strong><br />(-17 for losing)\n",
  "uploadtime": 1776267616,
  "views": 17,
  "formatid": "gen9championsvgc2026regma",
  "rating": 1057,
  "private": 0,
  "password": null
}