{
  "id": "gen9championsvgc2026regma-2588731601",
  "format": "[Gen 9 Champions] VGC 2026 Reg M-A",
  "players": [
    "GatoLaranja",
    "jacklom"
  ],
  "log": "|j|\u2606GatoLaranja\n|j|\u2606jacklom\n|t:|1776663270\n|gametype|doubles\n|player|p1|GatoLaranja|wallace|1107\n|player|p2|jacklom|cheryl|1077\n|gen|9\n|tier|[Gen 9 Champions] VGC 2026 Reg M-A\n|rated|\n|rule|Species Clause: Limit one of each Pok\u00e9mon\n|rule|Item Clause: Limit 1 of each item\n|clearpoke\n|poke|p1|Oranguru, L50, M, shiny|\n|poke|p1|Toucannon, L50, M, shiny|\n|poke|p1|Abomasnow, L50, F|\n|poke|p1|Torkoal, L50, M|\n|poke|p1|Aurorus, L50, M, shiny|\n|poke|p1|Slowking-Galar, L50, M|\n|poke|p2|Starmie, L50|\n|poke|p2|Maushold-Four, L50|\n|poke|p2|Sneasler, L50, M|\n|poke|p2|Floette-Eternal, L50, F|\n|poke|p2|Politoed, L50, M|\n|poke|p2|Archaludon, L50, M|\n|teampreview|4\n|c|\u2606jacklom|this team rules wtf\n|\n|t:|1776663308\n|teamsize|p1|4\n|teamsize|p2|4\n|start\n|switch|p1a: Oranguru|Oranguru, L50, M, shiny|100/100\n|switch|p1b: Torkoal|Torkoal, L50, M|100/100\n|switch|p2a: Politoed|Politoed, L50, M|100/100\n|switch|p2b: Archaludon|Archaludon, L50, M|100/100\n|-weather|RainDance|[from] ability: Drizzle|[of] p2a: Politoed\n|-weather|SunnyDay|[from] ability: Drought|[of] p1b: Torkoal\n|turn|1\n|\n|t:|1776663327\n|move|p2b: Archaludon|Draco Meteor|p1b: Torkoal\n|-damage|p1b: Torkoal|11/100\n|-unboost|p2b: Archaludon|spa|2\n|move|p2a: Politoed|Earth Power|p1b: Torkoal\n|-supereffective|p1b: Torkoal|1\n|-damage|p1b: Torkoal|0 fnt\n|faint|p1b: Torkoal\n|move|p1a: Oranguru|Trick Room|p1a: Oranguru\n|-fieldstart|move: Trick Room|[of] p1a: Oranguru\n|\n|-weather|SunnyDay|[upkeep]\n|upkeep\n|\n|t:|1776663338\n|switch|p1b: Abomasnow|Abomasnow, L50, F|100/100\n|-weather|Snowscape|[from] ability: Snow Warning|[of] p1b: Abomasnow\n|turn|2\n|\n|t:|1776663351\n|switch|p2b: Sneasler|Sneasler, L50, M|100/100\n|detailschange|p1b: Abomasnow|Abomasnow-Mega, L50, F\n|-mega|p1b: Abomasnow|Abomasnow|Abomasite\n|move|p1b: Abomasnow|Blizzard|p2b: Sneasler|[spread] p2a,p2b\n|-resisted|p2a: Politoed|1\n|-damage|p2a: Politoed|85/100\n|-damage|p2b: Sneasler|33/100\n|move|p1a: Oranguru|Instruct|p1b: Abomasnow\n|-singleturn|p1b: Abomasnow|move: Instruct|[of] p1a: Oranguru\n|move|p1b: Abomasnow|Blizzard|p2b: Sneasler|[spread] p2a,p2b\n|-resisted|p2a: Politoed|1\n|-damage|p2a: Politoed|69/100\n|-damage|p2b: Sneasler|0 fnt\n|faint|p2b: Sneasler\n|move|p2a: Politoed|Weather Ball|p1a: Oranguru\n|-damage|p1a: Oranguru|82/100\n|\n|-weather|Snowscape|[upkeep]\n|upkeep\n|\n|t:|1776663363\n|switch|p2b: Archaludon|Archaludon, L50, M|100/100\n|turn|3\n|\n|t:|1776663378\n|move|p1b: Abomasnow|Blizzard|p2a: Politoed|[spread] p2a,p2b\n|-resisted|p2a: Politoed|1\n|-damage|p2a: Politoed|52/100\n|-damage|p2b: Archaludon|29/100\n|-ability|p2b: Archaludon|Stamina|boost\n|-boost|p2b: Archaludon|def|1\n|move|p1a: Oranguru|Instruct|p1b: Abomasnow\n|-singleturn|p1b: Abomasnow|move: Instruct|[of] p1a: Oranguru\n|move|p1b: Abomasnow|Blizzard|p2b: Archaludon|[spread] p2a,p2b\n|-resisted|p2a: Politoed|1\n|-damage|p2a: Politoed|37/100\n|-damage|p2b: Archaludon|0 fnt\n|-enditem|p2a: Politoed|Sitrus Berry|[eat]\n|-heal|p2a: Politoed|62/100|[from] item: Sitrus Berry\n|faint|p2b: Archaludon\n|move|p2a: Politoed|Weather Ball|p1a: Oranguru\n|-crit|p1a: Oranguru\n|-damage|p1a: Oranguru|51/100\n|\n|-weather|Snowscape|[upkeep]\n|upkeep\n|\n|t:|1776663385\n|switch|p2b: Starmie|Starmie, L50|100/100\n|turn|4\n|\n|t:|1776663403\n|detailschange|p2b: Starmie|Starmie-Mega, L50\n|-mega|p2b: Starmie|Starmie|Starminite\n|move|p1b: Abomasnow|Energy Ball|p2b: Starmie\n|-supereffective|p2b: Starmie|1\n|-damage|p2b: Starmie|0 fnt\n|faint|p2b: Starmie\n|move|p1a: Oranguru|Instruct|p1b: Abomasnow\n|-singleturn|p1b: Abomasnow|move: Instruct|[of] p1a: Oranguru\n|move|p1b: Abomasnow|Energy Ball|p2a: Politoed\n|-supereffective|p2a: Politoed|1\n|-damage|p2a: Politoed|0 fnt\n|faint|p2a: Politoed\n|\n|win|GatoLaranja\n|raw|GatoLaranja's rating: 1107 &rarr; <strong>1130</strong><br />(+23 for winning)\n|raw|jacklom's rating: 1077 &rarr; <strong>1057</strong><br />(-20 for losing)\n|l|\u2606jacklom\n|player|p2|\n",
  "uploadtime": 1776663421,
  "views": 11,
  "formatid": "gen9championsvgc2026regma",
  "rating": 1057,
  "private": 0,
  "password": null
}