{
  "id": "gen9championsvgc2026regma-2585039334",
  "format": "[Gen 9 Champions] VGC 2026 Reg M-A",
  "players": [
    "oxenham",
    "llamas33"
  ],
  "log": "|j|\u2606oxenham\n|j|\u2606llamas33\n|t:|1776305762\n|gametype|doubles\n|player|p1|oxenham|170|1107\n|player|p2|llamas33|bugcatcher-gen4dp|1062\n|gen|9\n|tier|[Gen 9 Champions] VGC 2026 Reg M-A\n|rated|\n|rule|Species Clause: Limit one of each Pok\u00e9mon\n|rule|Item Clause: Limit 1 of each item\n|clearpoke\n|poke|p1|Starmie, L50|\n|poke|p1|Excadrill, L50, F|\n|poke|p1|Sneasler, L50, F|\n|poke|p1|Politoed, L50, F|\n|poke|p1|Dragonite, L50, F|\n|poke|p1|Aerodactyl, L50, M|\n|poke|p2|Maushold-Four, L50|\n|poke|p2|Sableye, L50, F|\n|poke|p2|Farigiraf, L50, F|\n|poke|p2|Excadrill, L50, M|\n|poke|p2|Hydrapple, L50, F|\n|poke|p2|Drampa, L50, M|\n|teampreview|4\n|inactive|Battle timer is ON: inactive players will automatically lose when time's up. (requested by llamas33)\n|\n|t:|1776305784\n|teamsize|p1|4\n|teamsize|p2|4\n|start\n|switch|p1a: Politoed|Politoed, L50, F|100/100\n|switch|p1b: Dragonite|Dragonite, L50, F|100/100\n|switch|p2a: Sableye|Sableye, L50, F|100/100\n|switch|p2b: Maushold|Maushold-Four, L50|100/100\n|-weather|RainDance|[from] ability: Drizzle|[of] p1a: Politoed\n|turn|1\n|\n|t:|1776305801\n|detailschange|p1b: Dragonite|Dragonite-Mega, L50, F\n|-mega|p1b: Dragonite|Dragonite|Dragoninite\n|move|p2a: Sableye|Gravity|p2a: Sableye\n|-fieldstart|move: Gravity\n|move|p2b: Maushold|Population Bomb|p1b: Dragonite\n|-damage|p1b: Dragonite|96/100\n|-damage|p1b: Dragonite|85/100\n|-damage|p1b: Dragonite|74/100\n|-damage|p1b: Dragonite|64/100\n|-damage|p1b: Dragonite|53/100\n|-damage|p1b: Dragonite|42/100\n|-damage|p1b: Dragonite|31/100\n|-damage|p1b: Dragonite|20/100\n|-damage|p1b: Dragonite|9/100\n|-damage|p1b: Dragonite|0 fnt\n|faint|p1b: Dragonite\n|-hitcount|p1: Dragonite|10\n|move|p1a: Politoed|Muddy Water|p2a: Sableye|[spread] p2a,p2b\n|-damage|p2a: Sableye|45/100\n|-damage|p2b: Maushold|54/100\n|-unboost|p2a: Sableye|accuracy|1\n|\n|-weather|RainDance|[upkeep]\n|upkeep\n|inactive|oxenham has 30 seconds left.\n|\n|t:|1776305827\n|switch|p1b: Excadrill|Excadrill, L50, F|100/100\n|-ability|p1b: Excadrill|Mold Breaker\n|turn|2\n|\n|t:|1776305842\n|move|p1a: Politoed|Protect|p1a: Politoed\n|-singleturn|p1a: Politoed|Protect\n|move|p2a: Sableye|Disable|p1a: Politoed\n|-activate|p1a: Politoed|move: Protect\n|move|p2b: Maushold|Population Bomb|p1b: Excadrill\n|-resisted|p1b: Excadrill|1\n|-crit|p1b: Excadrill\n|-damage|p1b: Excadrill|89/100\n|-resisted|p1b: Excadrill|1\n|-damage|p1b: Excadrill|81/100\n|-resisted|p1b: Excadrill|1\n|-damage|p1b: Excadrill|74/100\n|-resisted|p1b: Excadrill|1\n|-damage|p1b: Excadrill|66/100\n|-resisted|p1b: Excadrill|1\n|-damage|p1b: Excadrill|58/100\n|-resisted|p1b: Excadrill|1\n|-damage|p1b: Excadrill|51/100\n|-resisted|p1b: Excadrill|1\n|-damage|p1b: Excadrill|43/100\n|-resisted|p1b: Excadrill|1\n|-damage|p1b: Excadrill|35/100\n|-resisted|p1b: Excadrill|1\n|-damage|p1b: Excadrill|27/100\n|-resisted|p1b: Excadrill|1\n|-damage|p1b: Excadrill|19/100\n|-hitcount|p1b: Excadrill|10\n|cant|p1b: Excadrill|flinch\n|\n|-weather|RainDance|[upkeep]\n|upkeep\n|turn|3\n|inactive|oxenham has 30 seconds left.\n|inactive|llamas33 has 30 seconds left.\n|-message|oxenham forfeited.\n|\n|win|llamas33\n|raw|oxenham's rating: 1107 &rarr; <strong>1079</strong><br />(-28 for losing)\n|raw|llamas33's rating: 1062 &rarr; <strong>1097</strong><br />(+35 for winning)\n|l|\u2606oxenham\n|player|p1|\n",
  "uploadtime": 1776305874,
  "views": 28,
  "formatid": "gen9championsvgc2026regma",
  "rating": 1079,
  "private": 0,
  "password": null
}