{
  "id": "gen9championsvgc2026regma-2586595296",
  "format": "[Gen 9 Champions] VGC 2026 Reg M-A",
  "players": [
    "nakoharuno",
    "soudess"
  ],
  "log": "|j|\u2606nakoharuno\n|j|\u2606soudess\n|t:|1776445599\n|gametype|doubles\n|player|p1|nakoharuno|dawn|1007\n|player|p2|soudess|harlequin|1073\n|gen|9\n|tier|[Gen 9 Champions] VGC 2026 Reg M-A\n|rated|\n|rule|Species Clause: Limit one of each Pok\u00e9mon\n|rule|Item Clause: Limit 1 of each item\n|clearpoke\n|poke|p1|Kangaskhan, L50, F|\n|poke|p1|Oranguru, L50, F|\n|poke|p1|Torkoal, L50, M|\n|poke|p1|Decidueye-Hisui, L50, F|\n|poke|p1|Primarina, L50, M|\n|poke|p1|Aggron, L50, F|\n|poke|p2|Victreebel, L50, M|\n|poke|p2|Mamoswine, L50, F|\n|poke|p2|Aerodactyl, L50, M|\n|poke|p2|Gyarados, L50, F|\n|poke|p2|Pelipper, L50, F|\n|poke|p2|Sneasler, L50, M|\n|teampreview|4\n|inactive|Battle timer is ON: inactive players will automatically lose when time's up. (requested by soudess)\n|inactive|soudess has 60 seconds left.\n|\n|t:|1776445636\n|teamsize|p1|4\n|teamsize|p2|4\n|start\n|switch|p1a: Torkoal|Torkoal, L50, M|100/100\n|switch|p1b: Oranguru|Oranguru, L50, F, shiny|100/100\n|switch|p2a: Victreebel|Victreebel, L50, M|100/100\n|switch|p2b: Sneasler|Sneasler, L50, M|100/100\n|-weather|SunnyDay|[from] ability: Drought|[of] p1a: Torkoal\n|turn|1\n|inactive|soudess has 30 seconds left.\n|\n|t:|1776445669\n|detailschange|p2a: Victreebel|Victreebel-Mega, L50, M\n|-mega|p2a: Victreebel|Victreebel|Victreebelite\n|move|p2b: Sneasler|Close Combat|p1b: Oranguru\n|-damage|p1b: Oranguru|42/100\n|-unboost|p2b: Sneasler|def|1\n|-unboost|p2b: Sneasler|spd|1\n|-enditem|p2b: Sneasler|White Herb\n|-clearnegativeboost|p2b: Sneasler|[silent]\n|move|p2a: Victreebel|Sludge Bomb|p1b: Oranguru\n|-crit|p1b: Oranguru\n|-damage|p1b: Oranguru|0 fnt\n|faint|p1b: Oranguru\n|move|p1a: Torkoal|Eruption|p2a: Victreebel|[spread] p2a,p2b\n|-supereffective|p2a: Victreebel|1\n|-damage|p2a: Victreebel|0 fnt\n|-damage|p2b: Sneasler|0 fnt\n|-damage|p1a: Torkoal|0 fnt|[from] ability: Innards Out|[of] p2a: Victreebel\n|faint|p2a: Victreebel\n|faint|p2b: Sneasler\n|faint|p1a: Torkoal\n|\n|-weather|SunnyDay|[upkeep]\n|upkeep\n|\n|t:|1776445692\n|switch|p2b: Mamoswine|Mamoswine, L50, F|100/100\n|switch|p2a: Pelipper|Pelipper, L50, F|100/100\n|switch|p1b: Decidueye|Decidueye-Hisui, L50, F|100/100\n|switch|p1a: Kangaskhan|Kangaskhan, L50, F, shiny|100/100\n|-weather|RainDance|[from] ability: Drizzle|[of] p2a: Pelipper\n|turn|2\n|inactive|soudess has 30 seconds left.\n|\n|t:|1776445719\n|detailschange|p1a: Kangaskhan|Kangaskhan-Mega, L50, F, shiny\n|-mega|p1a: Kangaskhan|Kangaskhan|Kangaskhanite\n|move|p1a: Kangaskhan|Fake Out|p2a: Pelipper\n|-damage|p2a: Pelipper|82/100\n|-damage|p2a: Pelipper|78/100\n|-hitcount|p2a: Pelipper|2\n|move|p2b: Mamoswine|Icicle Crash|p1a: Kangaskhan\n|-damage|p1a: Kangaskhan|60/100\n|cant|p2a: Pelipper|flinch\n|move|p1b: Decidueye|Triple Arrows|p2b: Mamoswine\n|-supereffective|p2b: Mamoswine|1\n|-crit|p2b: Mamoswine\n|-damage|p2b: Mamoswine|0 fnt\n|faint|p2b: Mamoswine\n|\n|-weather|RainDance|[upkeep]\n|upkeep\n|turn|3\n|inactive|nakoharuno has 30 seconds left.\n|\n|t:|1776445746\n|move|p1a: Kangaskhan|Body Slam|p2a: Pelipper\n|-damage|p2a: Pelipper|36/100\n|-status|p2a: Pelipper|par\n|-enditem|p2a: Pelipper|Sitrus Berry|[eat]\n|-heal|p2a: Pelipper|60/100 par|[from] item: Sitrus Berry\n|-damage|p2a: Pelipper|51/100 par\n|-hitcount|p2a: Pelipper|2\n|move|p1b: Decidueye|Leaf Blade|p2a: Pelipper\n|-crit|p2a: Pelipper\n|-damage|p2a: Pelipper|0 fnt\n|faint|p2a: Pelipper\n|\n|win|nakoharuno\n|raw|nakoharuno's rating: 1007 &rarr; <strong>1053</strong><br />(+46 for winning)\n|raw|soudess's rating: 1073 &rarr; <strong>1048</strong><br />(-25 for losing)\n|l|\u2606soudess\n|player|p2|\n",
  "uploadtime": 1776445760,
  "views": 29,
  "formatid": "gen9championsvgc2026regma",
  "rating": 1048,
  "private": 0,
  "password": null
}