{
  "id": "gen9championsvgc2026regma-2584687571",
  "format": "[Gen 9 Champions] VGC 2026 Reg M-A",
  "players": [
    "sotero23",
    "amongdripgoku"
  ],
  "log": "|j|\u2606sotero23\n|j|\u2606amongdripgoku\n|t:|1776276839\n|gametype|doubles\n|player|p1|sotero23|veteran|1196\n|player|p2|amongdripgoku|102|1197\n|gen|9\n|tier|[Gen 9 Champions] VGC 2026 Reg M-A\n|rated|\n|rule|Species Clause: Limit one of each Pok\u00e9mon\n|rule|Item Clause: Limit 1 of each item\n|clearpoke\n|poke|p1|Incineroar, L50, M|\n|poke|p1|Floette-Eternal, L50, F|\n|poke|p1|Sinistcha, L50|\n|poke|p1|Palafin, L50, M|\n|poke|p1|Aerodactyl, L50, F|\n|poke|p1|Sneasler, L50, F|\n|poke|p2|Pelipper, L50, F|\n|poke|p2|Gengar, L50, M|\n|poke|p2|Greninja-*, L50, M|\n|poke|p2|Basculegion, L50, M|\n|poke|p2|Archaludon, L50, M|\n|poke|p2|Decidueye-Hisui, L50, F|\n|teampreview|4\n|inactive|Battle timer is ON: inactive players will automatically lose when time's up. (requested by amongdripgoku)\n|\n|t:|1776276874\n|teamsize|p1|4\n|teamsize|p2|4\n|start\n|switch|p1a: Sinistcha|Sinistcha, L50|100/100\n|switch|p1b: Floette|Floette-Eternal, L50, F|100/100\n|switch|p2a: Archaludon|Archaludon, L50, M|100/100\n|switch|p2b: Gengar|Gengar, L50, M|100/100\n|turn|1\n|\n|t:|1776276892\n|detailschange|p2b: Gengar|Gengar-Mega, L50, M\n|-mega|p2b: Gengar|Gengar|Gengarite\n|detailschange|p1b: Floette|Floette-Mega, L50, F\n|-mega|p1b: Floette|Floette|Floettite\n|-ability|p1b: Floette|Fairy Aura\n|move|p1a: Sinistcha|Rage Powder|p1a: Sinistcha\n|-singleturn|p1a: Sinistcha|move: Rage Powder\n|move|p2b: Gengar|Shadow Ball|p1a: Sinistcha\n|-supereffective|p1a: Sinistcha|1\n|-damage|p1a: Sinistcha|0 fnt\n|faint|p1a: Sinistcha\n|move|p1b: Floette|Calm Mind|p1b: Floette\n|-boost|p1b: Floette|spa|1\n|-boost|p1b: Floette|spd|1\n|move|p2a: Archaludon|Flash Cannon|p1b: Floette\n|-supereffective|p1b: Floette|1\n|-damage|p1b: Floette|57/100\n|\n|upkeep\n|\n|t:|1776276907\n|switch|p1a: Incineroar|Incineroar, L50, M|100/100\n|-ability|p1a: Incineroar|Intimidate|boost\n|-unboost|p2a: Archaludon|atk|1\n|-unboost|p2b: Gengar|atk|1\n|turn|2\n|\n|t:|1776276920\n|move|p1b: Floette|Protect|p1b: Floette\n|-singleturn|p1b: Floette|Protect\n|move|p2b: Gengar|Sludge Bomb|p1b: Floette\n|-activate|p1b: Floette|move: Protect\n|move|p2a: Archaludon|Draco Meteor|p1a: Incineroar|[miss]\n|-miss|p2a: Archaludon|p1a: Incineroar\n|move|p1a: Incineroar|Throat Chop|p2b: Gengar\n|-supereffective|p2b: Gengar|1\n|-damage|p2b: Gengar|7/100\n|-start|p2b: Gengar|Throat Chop|[silent]\n|\n|upkeep\n|turn|3\n|inactive|sotero23 has 30 seconds left.\n|\n|t:|1776276945\n|move|p2b: Gengar|Sludge Bomb|p1b: Floette\n|-supereffective|p1b: Floette|1\n|-damage|p1b: Floette|7/100\n|move|p1b: Floette|Dazzling Gleam|p2a: Archaludon|[spread] p2a,p2b\n|-resisted|p2b: Gengar|1\n|-damage|p2a: Archaludon|24/100\n|-damage|p2b: Gengar|0 fnt\n|-enditem|p2a: Archaludon|Sitrus Berry|[eat]\n|-heal|p2a: Archaludon|48/100|[from] item: Sitrus Berry\n|faint|p2b: Gengar\n|move|p2a: Archaludon|Draco Meteor|p1a: Incineroar\n|-damage|p1a: Incineroar|44/100\n|-unboost|p2a: Archaludon|spa|2\n|move|p1a: Incineroar|Parting Shot|p2a: Archaludon\n|-unboost|p2a: Archaludon|atk|1\n|-unboost|p2a: Archaludon|spa|1\n|\n|t:|1776276952\n|switch|p1a: Sneasler|Sneasler, L50, F|100/100|[from] Parting Shot\n|\n|upkeep\n|\n|t:|1776276967\n|switch|p2b: Greninja|Greninja, L50, M|100/100\n|turn|4\n|inactive|amongdripgoku has 30 seconds left.\n|\n|t:|1776276996\n|switch|p2a: Pelipper|Pelipper, L50, F|100/100\n|-weather|RainDance|[from] ability: Drizzle|[of] p2a: Pelipper\n|move|p1a: Sneasler|Fake Out|p2b: Greninja\n|-damage|p2b: Greninja|75/100\n|cant|p2b: Greninja|flinch\n|move|p1b: Floette|Dazzling Gleam|p2a: Pelipper|[spread] p2a,p2b\n|-supereffective|p2b: Greninja|1\n|-damage|p2a: Pelipper|39/100\n|-damage|p2b: Greninja|0 fnt\n|faint|p2b: Greninja\n|\n|-weather|RainDance|[upkeep]\n|upkeep\n|-message|amongdripgoku forfeited.\n|\n|win|sotero23\n|raw|sotero23's rating: 1196 &rarr; <strong>1221</strong><br />(+25 for winning)\n|raw|amongdripgoku's rating: 1197 &rarr; <strong>1172</strong><br />(-25 for losing)\n",
  "uploadtime": 1776277007,
  "views": 14,
  "formatid": "gen9championsvgc2026regma",
  "rating": 1172,
  "private": 0,
  "password": null
}