{
  "id": "gen9championsvgc2026regma-2586783014",
  "format": "[Gen 9 Champions] VGC 2026 Reg M-A",
  "players": [
    "alolanmukisking",
    "Acinonyx Rex"
  ],
  "log": "|j|\u2606alolanmukisking\n|j|\u2606Acinonyx Rex\n|t:|1776459538\n|gametype|doubles\n|player|p1|alolanmukisking|blackbelt-gen4|1273\n|player|p2|Acinonyx Rex|acetrainerf-gen4dp|1231\n|gen|9\n|tier|[Gen 9 Champions] VGC 2026 Reg M-A\n|rated|\n|rule|Species Clause: Limit one of each Pok\u00e9mon\n|rule|Item Clause: Limit 1 of each item\n|clearpoke\n|poke|p1|Glimmora, L50, F|\n|poke|p1|Alakazam, L50, M|\n|poke|p1|Ninetales-Alola, L50, F|\n|poke|p1|Kangaskhan, L50, F|\n|poke|p1|Incineroar, L50, M|\n|poke|p1|Basculegion, L50, M|\n|poke|p2|Sinistcha, L50|\n|poke|p2|Alakazam, L50, F|\n|poke|p2|Aggron, L50, M|\n|poke|p2|Pelipper, L50, M|\n|poke|p2|Basculegion, L50, M|\n|poke|p2|Archaludon, L50, F|\n|teampreview|4\n|inactive|Battle timer is ON: inactive players will automatically lose when time's up. (requested by alolanmukisking)\n|\n|t:|1776459587\n|teamsize|p1|4\n|teamsize|p2|4\n|start\n|switch|p1a: Kangaskhan|Kangaskhan, L50, F|100/100\n|switch|p1b: Basculegion|Basculegion, L50, M|100/100\n|switch|p2a: Alakazam|Alakazam, L50, F|100/100\n|switch|p2b: Archaludon|Archaludon, L50, F|100/100\n|turn|1\n|inactive|alolanmukisking has 30 seconds left.\n|\n|t:|1776459615\n|detailschange|p1a: Kangaskhan|Kangaskhan-Mega, L50, F\n|-mega|p1a: Kangaskhan|Kangaskhan|Kangaskhanite\n|move|p1b: Basculegion|Flip Turn|p2a: Alakazam\n|-damage|p2a: Alakazam|15/100\n|\n|t:|1776459636\n|switch|p1b: Ninetales|Ninetales-Alola, L50, F|100/100|[from] Flip Turn\n|-weather|Snowscape|[from] ability: Snow Warning|[of] p1b: Ninetales\n|move|p2a: Alakazam|Speed Swap|p2b: Archaludon\n|-activate|p2a: Alakazam|move: Speed Swap|[of] p2b: Archaludon\n|move|p2b: Archaludon|Aura Sphere|p1a: Kangaskhan\n|-supereffective|p1a: Kangaskhan|1\n|-damage|p1a: Kangaskhan|56/100\n|move|p1a: Kangaskhan|Drain Punch|p2b: Archaludon\n|-supereffective|p2b: Archaludon|1\n|-damage|p2b: Archaludon|61/100\n|-heal|p1a: Kangaskhan|74/100|[from] drain|[of] p2b: Archaludon\n|-ability|p2b: Archaludon|Stamina|boost\n|-boost|p2b: Archaludon|def|1\n|-supereffective|p2b: Archaludon|1\n|-damage|p2b: Archaludon|55/100\n|-heal|p1a: Kangaskhan|77/100|[from] drain|[of] p2b: Archaludon\n|-ability|p2b: Archaludon|Stamina|boost\n|-boost|p2b: Archaludon|def|1\n|-hitcount|p2b: Archaludon|2\n|\n|-weather|Snowscape|[upkeep]\n|-heal|p2b: Archaludon|61/100|[from] item: Leftovers\n|upkeep\n|turn|2\n|inactive|alolanmukisking has 30 seconds left.\n|\n|t:|1776459669\n|switch|p2a: Pelipper|Pelipper, L50, M|100/100\n|-weather|RainDance|[from] ability: Drizzle|[of] p2a: Pelipper\n|move|p1a: Kangaskhan|Sucker Punch|p2b: Archaludon\n|-damage|p2b: Archaludon|51/100\n|-ability|p2b: Archaludon|Stamina|boost\n|-boost|p2b: Archaludon|def|1\n|-damage|p2b: Archaludon|49/100\n|-ability|p2b: Archaludon|Stamina|boost\n|-boost|p2b: Archaludon|def|1\n|-hitcount|p2b: Archaludon|2\n|move|p2b: Archaludon|Flash Cannon|p1b: Ninetales\n|-supereffective|p1b: Ninetales|2\n|-enditem|p1b: Ninetales|Focus Sash\n|-damage|p1b: Ninetales|1/100\n|move|p1b: Ninetales|Blizzard|p2a: Pelipper|[spread] p2a\n|-miss|p1b: Ninetales|p2b: Archaludon\n|-damage|p2a: Pelipper|59/100\n|\n|-weather|RainDance|[upkeep]\n|-heal|p2b: Archaludon|55/100|[from] item: Leftovers\n|upkeep\n|turn|3\n|\n|t:|1776459693\n|switch|p2a: Sinistcha|Sinistcha, L50|100/100\n|-heal|p2b: Archaludon|80/100|[from] ability: Hospitality|[of] p2a: Sinistcha\n|move|p1b: Ninetales|Protect|p1b: Ninetales\n|-singleturn|p1b: Ninetales|Protect\n|move|p2b: Archaludon|Electro Shot||[still]\n|-prepare|p2b: Archaludon|Electro Shot\n|-boost|p2b: Archaludon|spa|1\n|-anim|p2b: Archaludon|Electro Shot|p1b: Ninetales\n|-activate|p1b: Ninetales|move: Protect\n|move|p1a: Kangaskhan|Double-Edge|p2a: Sinistcha\n|-immune|p2a: Sinistcha\n|\n|-weather|RainDance|[upkeep]\n|-heal|p2b: Archaludon|86/100|[from] item: Leftovers\n|upkeep\n|turn|4\n|inactive|alolanmukisking has 30 seconds left.\n|\n|t:|1776459718\n|move|p2a: Sinistcha|Rage Powder|p2a: Sinistcha\n|-singleturn|p2a: Sinistcha|move: Rage Powder\n|move|p2b: Archaludon|Electro Shot||[still]\n|-prepare|p2b: Archaludon|Electro Shot\n|-boost|p2b: Archaludon|spa|1\n|-anim|p2b: Archaludon|Electro Shot|p1b: Ninetales\n|-damage|p1b: Ninetales|0 fnt\n|faint|p1b: Ninetales\n|move|p1a: Kangaskhan|Drain Punch|p2a: Sinistcha\n|-immune|p2a: Sinistcha\n|\n|-weather|RainDance|[upkeep]\n|-heal|p2b: Archaludon|92/100|[from] item: Leftovers\n|upkeep\n|-message|alolanmukisking forfeited.\n|\n|win|Acinonyx Rex\n|raw|alolanmukisking's rating: 1273 &rarr; <strong>1245</strong><br />(-28 for losing)\n|raw|Acinonyx Rex's rating: 1231 &rarr; <strong>1259</strong><br />(+28 for winning)\n|l|\u2606alolanmukisking\n|player|p1|\n",
  "uploadtime": 1776459736,
  "views": 48,
  "formatid": "gen9championsvgc2026regma",
  "rating": 1245,
  "private": 0,
  "password": null
}