{
  "id": "gen9championsvgc2026regma-2586756792",
  "format": "[Gen 9 Champions] VGC 2026 Reg M-A",
  "players": [
    "Mithozz",
    "LunarRose12"
  ],
  "log": "|j|\u2606Mithozz\n|j|\u2606LunarRose12\n|t:|1776457465\n|gametype|doubles\n|player|p1|Mithozz|hilbert|1109\n|player|p2|LunarRose12|aromalady|1071\n|gen|9\n|tier|[Gen 9 Champions] VGC 2026 Reg M-A\n|rated|\n|rule|Species Clause: Limit one of each Pok\u00e9mon\n|rule|Item Clause: Limit 1 of each item\n|clearpoke\n|poke|p1|Meowstic, L50, M|\n|poke|p1|Venusaur, L50, F|\n|poke|p1|Torkoal, L50, M|\n|poke|p1|Milotic, L50, F|\n|poke|p1|Charizard, L50, M|\n|poke|p1|Typhlosion, L50, F|\n|poke|p2|Froslass, L50, F|\n|poke|p2|Farigiraf, L50, M|\n|poke|p2|Banette, L50, F|\n|poke|p2|Palafin, L50, F|\n|poke|p2|Sneasler, L50, M|\n|poke|p2|Archaludon, L50, M|\n|teampreview|4\n|inactive|Battle timer is ON: inactive players will automatically lose when time's up. (requested by Mithozz)\n|\n|t:|1776457486\n|teamsize|p1|4\n|teamsize|p2|4\n|start\n|switch|p1a: Charizard|Charizard, L50, M, shiny|100/100\n|switch|p1b: Typhlosion|Typhlosion, L50, F|100/100\n|switch|p2a: Palafin|Palafin, L50, F|100/100\n|switch|p2b: Froslass|Froslass, L50, F|100/100\n|turn|1\n|inactive|LunarRose12 has 30 seconds left.\n|\n|t:|1776457517\n|detailschange|p2b: Froslass|Froslass-Mega, L50, F\n|-mega|p2b: Froslass|Froslass|Froslassite\n|-weather|Snowscape|[from] ability: Snow Warning|[of] p2b: Froslass\n|detailschange|p1a: Charizard|Charizard-Mega-Y, L50, M, shiny\n|-mega|p1a: Charizard|Charizard|Charizardite Y\n|-weather|SunnyDay|[from] ability: Drought|[of] p1a: Charizard\n|move|p1b: Typhlosion|Eruption|p2a: Palafin|[spread] p2a,p2b\n|-resisted|p2a: Palafin|1\n|-supereffective|p2b: Froslass|1\n|-damage|p2a: Palafin|35/100\n|-damage|p2b: Froslass|0 fnt\n|faint|p2b: Froslass\n|move|p2a: Palafin|Flip Turn|p1b: Typhlosion\n|-supereffective|p1b: Typhlosion|1\n|-damage|p1b: Typhlosion|64/100\n|\n|t:|1776457527\n|detailschange|p2a: Palafin|Palafin-Hero, L50, F\n|switch|p2a: Sneasler|Sneasler, L50, M|100/100|[from] Flip Turn\n|move|p1a: Charizard|Solar Beam||[still]\n|-prepare|p1a: Charizard|Solar Beam\n|-anim|p1a: Charizard|Solar Beam|p2a: Sneasler\n|-resisted|p2a: Sneasler|1\n|-damage|p2a: Sneasler|66/100\n|\n|-weather|SunnyDay|[upkeep]\n|upkeep\n|\n|t:|1776457528\n|switch|p2b: Archaludon|Archaludon, L50, M|100/100\n|turn|2\n|inactive|LunarRose12 has 30 seconds left.\n|\n|t:|1776457561\n|move|p2a: Sneasler|Fake Out|p1b: Typhlosion\n|-damage|p1b: Typhlosion|43/100\n|cant|p1b: Typhlosion|flinch\n|move|p1a: Charizard|Weather Ball|p2b: Archaludon\n|-damage|p2b: Archaludon|0 fnt\n|faint|p2b: Archaludon\n|\n|-weather|SunnyDay|[upkeep]\n|upkeep\n|\n|t:|1776457568\n|switch|p2b: Palafin|Palafin-Hero, L50, F|35/100\n|-activate|p2b: Palafin|ability: Zero to Hero\n|turn|3\n|\n|t:|1776457581\n|move|p2b: Palafin|Jet Punch|p1a: Charizard\n|-supereffective|p1a: Charizard|1\n|-damage|p1a: Charizard|42/100\n|move|p1b: Typhlosion|Eruption|p2b: Palafin|[spread] p2a,p2b\n|-resisted|p2b: Palafin|1\n|-damage|p2a: Sneasler|20/100\n|-damage|p2b: Palafin|15/100\n|move|p2a: Sneasler|Dire Claw|p1b: Typhlosion\n|-damage|p1b: Typhlosion|0 fnt\n|faint|p1b: Typhlosion\n|move|p1a: Charizard|Solar Beam||[still]\n|-prepare|p1a: Charizard|Solar Beam\n|-anim|p1a: Charizard|Solar Beam|p2b: Palafin\n|-supereffective|p2b: Palafin|1\n|-crit|p2b: Palafin\n|-damage|p2b: Palafin|0 fnt\n|faint|p2b: Palafin\n|\n|-weather|SunnyDay|[upkeep]\n|upkeep\n|c|\u2606LunarRose12|gg\n|-message|LunarRose12 forfeited.\n|\n|win|Mithozz\n|raw|Mithozz's rating: 1109 &rarr; <strong>1131</strong><br />(+22 for winning)\n|raw|LunarRose12's rating: 1071 &rarr; <strong>1053</strong><br />(-18 for losing)\n|l|\u2606LunarRose12\n|player|p2|\n",
  "uploadtime": 1776457602,
  "views": 27,
  "formatid": "gen9championsvgc2026regma",
  "rating": 1053,
  "private": 0,
  "password": null
}