{
  "id": "gen9championsvgc2026regma-2582716159",
  "format": "[Gen 9 Champions] VGC 2026 Reg M-A",
  "players": [
    "X_Force_09",
    "penledzuu"
  ],
  "log": "|j|\u2606X_Force_09\n|j|\u2606penledzuu\n|t:|1776109218\n|gametype|doubles\n|player|p1|X_Force_09|pokemaniac|1210\n|player|p2|penledzuu|ninjaboy|1137\n|gen|9\n|tier|[Gen 9 Champions] VGC 2026 Reg M-A\n|rated|\n|rule|Species Clause: Limit one of each Pok\u00e9mon\n|rule|Item Clause: Limit 1 of each item\n|clearpoke\n|poke|p1|Charizard, L50, F|\n|poke|p1|Garchomp, L50, M|\n|poke|p1|Whimsicott, L50, M|\n|poke|p1|Incineroar, L50, M|\n|poke|p1|Basculegion, L50, M|\n|poke|p1|Blastoise, L50, F|\n|poke|p2|Gengar, L50, M|\n|poke|p2|Gardevoir, L50, F|\n|poke|p2|Arcanine-Hisui, L50, F|\n|poke|p2|Charizard, L50, F|\n|poke|p2|Machamp, L50, M|\n|poke|p2|Sneasler, L50, F|\n|teampreview|4\n|inactive|Battle timer is ON: inactive players will automatically lose when time's up. (requested by X_Force_09)\n|inactive|penledzuu also wants the timer to be on.\n|\n|t:|1776109239\n|teamsize|p1|4\n|teamsize|p2|4\n|start\n|switch|p1a: Blastoise|Blastoise, L50, F|100/100\n|switch|p1b: Whimsicott|Whimsicott, L50, M|100/100\n|switch|p2a: Gengar|Gengar, L50, M, shiny|100/100\n|switch|p2b: Gardevoir|Gardevoir, L50, F|100/100\n|-ability|p2b: Gardevoir|Torrent|Trace|[from] ability: Trace|[of] p1a: Blastoise\n|turn|1\n|inactive|penledzuu has 30 seconds left.\n|\n|t:|1776109268\n|detailschange|p1a: Blastoise|Blastoise-Mega, L50, F\n|-mega|p1a: Blastoise|Blastoise|Blastoisinite\n|move|p1b: Whimsicott|Tailwind|p1b: Whimsicott\n|-sidestart|p1: X_Force_09|move: Tailwind\n|move|p1a: Blastoise|Shell Smash|p1a: Blastoise\n|-unboost|p1a: Blastoise|def|1\n|-unboost|p1a: Blastoise|spd|1\n|-boost|p1a: Blastoise|atk|2\n|-boost|p1a: Blastoise|spa|2\n|-boost|p1a: Blastoise|spe|2\n|move|p2a: Gengar|Sludge Bomb|p1b: Whimsicott\n|-supereffective|p1b: Whimsicott|2\n|-enditem|p1b: Whimsicott|Focus Sash\n|-damage|p1b: Whimsicott|1/100\n|move|p2b: Gardevoir|Moonblast|p1a: Blastoise\n|-damage|p1a: Blastoise|24/100\n|\n|upkeep\n|turn|2\n|\n|t:|1776109289\n|move|p1a: Blastoise|Muddy Water|p2a: Gengar|[spread] \n|-miss|p1a: Blastoise|p2a: Gengar\n|-miss|p1a: Blastoise|p2b: Gardevoir\n|move|p1b: Whimsicott|Energy Ball|p2b: Gardevoir\n|-damage|p2b: Gardevoir|72/100\n|move|p2a: Gengar|Icy Wind|p1b: Whimsicott|[spread] p1a,p1b\n|-resisted|p1a: Blastoise|1\n|-supereffective|p1b: Whimsicott|1\n|-damage|p1a: Blastoise|13/100\n|-damage|p1b: Whimsicott|0 fnt\n|-unboost|p1a: Blastoise|spe|1\n|faint|p1b: Whimsicott\n|move|p2b: Gardevoir|Moonblast|p1a: Blastoise\n|-damage|p1a: Blastoise|0 fnt\n|faint|p1a: Blastoise\n|\n|upkeep\n|c|\u2606X_Force_09|I hate this game\n|\n|t:|1776109300\n|switch|p1b: Basculegion|Basculegion, L50, M|100/100\n|switch|p1a: Incineroar|Incineroar, L50, M|100/100\n|-ability|p1a: Incineroar|Intimidate|boost\n|-unboost|p2a: Gengar|atk|1\n|-unboost|p2b: Gardevoir|atk|1\n|turn|3\n|\n|t:|1776109313\n|move|p1a: Incineroar|Fake Out|p2b: Gardevoir\n|-damage|p2b: Gardevoir|54/100\n|move|p1b: Basculegion|Last Respects|p2a: Gengar\n|-supereffective|p2a: Gengar|1\n|-enditem|p2a: Gengar|Focus Sash\n|-damage|p2a: Gengar|1/100\n|move|p2a: Gengar|Destiny Bond|p2a: Gengar\n|-singlemove|p2a: Gengar|Destiny Bond\n|cant|p2b: Gardevoir|flinch\n|\n|upkeep\n|turn|4\n|\n|t:|1776109325\n|move|p1a: Incineroar|Protect|p1a: Incineroar\n|-singleturn|p1a: Incineroar|Protect\n|move|p1b: Basculegion|Last Respects|p2b: Gardevoir\n|-supereffective|p2b: Gardevoir|1\n|-damage|p2b: Gardevoir|0 fnt\n|faint|p2b: Gardevoir\n|move|p2a: Gengar|Shadow Ball|p1b: Basculegion\n|-supereffective|p1b: Basculegion|1\n|-damage|p1b: Basculegion|0 fnt\n|faint|p1b: Basculegion\n|\n|-sideend|p1: X_Force_09|move: Tailwind\n|upkeep\n|-message|X_Force_09 forfeited.\n|\n|win|penledzuu\n|raw|X_Force_09's rating: 1210 &rarr; <strong>1180</strong><br />(-30 for losing)\n|raw|penledzuu's rating: 1137 &rarr; <strong>1167</strong><br />(+30 for winning)\n|l|\u2606X_Force_09\n|player|p1|\n",
  "uploadtime": 1776109336,
  "views": 15,
  "formatid": "gen9championsvgc2026regma",
  "rating": 1167,
  "private": 0,
  "password": null
}