{
  "id": "gen9championsvgc2026regma-2585310819",
  "format": "[Gen 9 Champions] VGC 2026 Reg M-A",
  "players": [
    "jakeyyekaj",
    "KennarDH"
  ],
  "log": "|j|\u2606jakeyyekaj\n|j|\u2606KennarDH\n|t:|1776336488\n|gametype|doubles\n|player|p1|jakeyyekaj|n|1170\n|player|p2|KennarDH|rocketgruntf|1171\n|gen|9\n|tier|[Gen 9 Champions] VGC 2026 Reg M-A\n|rated|\n|rule|Species Clause: Limit one of each Pok\u00e9mon\n|rule|Item Clause: Limit 1 of each item\n|clearpoke\n|poke|p1|Delphox, L50, F|\n|poke|p1|Aerodactyl, L50, F|\n|poke|p1|Sneasler, L50, F|\n|poke|p1|Garchomp, L50, F|\n|poke|p1|Rotom-Wash, L50|\n|poke|p1|Kingambit, L50, M|\n|poke|p2|Farigiraf, L50, M|\n|poke|p2|Blastoise, L50, M|\n|poke|p2|Camerupt, L50, M|\n|poke|p2|Crabominable, L50, M|\n|poke|p2|Alakazam, L50, F|\n|poke|p2|Sinistcha, L50|\n|teampreview|4\n|inactive|Battle timer is ON: inactive players will automatically lose when time's up. (requested by KennarDH)\n|\n|t:|1776336533\n|teamsize|p1|4\n|teamsize|p2|4\n|start\n|switch|p1a: Kingamble|Kingambit, L50, M|100/100\n|switch|p1b: Mozilla|Delphox, L50, F|100/100\n|switch|p2a: Blastoise|Blastoise, L50, M|100/100\n|switch|p2b: Farigiraf|Farigiraf, L50, M|100/100\n|turn|1\n|\n|t:|1776336547\n|detailschange|p1b: Mozilla|Delphox-Mega, L50, F\n|-mega|p1b: Mozilla|Delphox|Delphoxite\n|move|p2a: Blastoise|Fake Out|p1a: Kingamble\n|-resisted|p1a: Kingamble|1\n|-damage|p1a: Kingamble|98/100\n|move|p1b: Mozilla|Substitute|p1b: Mozilla\n|-start|p1b: Mozilla|Substitute\n|-damage|p1b: Mozilla|75/100\n|cant|p1a: Kingamble|flinch\n|move|p2b: Farigiraf|Trick Room|p2b: Farigiraf\n|-fieldstart|move: Trick Room|[of] p2b: Farigiraf\n|\n|upkeep\n|turn|2\n|\n|t:|1776336562\n|move|p1a: Kingamble|Kowtow Cleave|p2a: Blastoise\n|-damage|p2a: Blastoise|44/100\n|move|p2b: Farigiraf|Hyper Voice|p1b: Mozilla|[spread] p1a,p1b\n|-resisted|p1a: Kingamble|1\n|-crit|p1b: Mozilla\n|-damage|p1a: Kingamble|85/100\n|-damage|p1b: Mozilla|33/100\n|move|p2a: Blastoise|Water Spout|p1a: Kingamble|[spread] p1a,p1b\n|-supereffective|p1b: Mozilla|1\n|-end|p1b: Mozilla|Substitute\n|-damage|p1a: Kingamble|65/100\n|move|p1b: Mozilla|Psychic|p2a: Blastoise\n|-damage|p2a: Blastoise|0 fnt\n|faint|p2a: Blastoise\n|\n|upkeep\n|\n|t:|1776336576\n|switch|p2a: Camerupt|Camerupt, L50, M|100/100\n|turn|3\n|\n|t:|1776336595\n|switch|p1a: Bosch|Rotom-Wash, L50|100/100\n|detailschange|p2a: Camerupt|Camerupt-Mega, L50, M\n|-mega|p2a: Camerupt|Camerupt|Cameruptite\n|move|p1b: Mozilla|Protect|p1b: Mozilla\n|-singleturn|p1b: Mozilla|Protect\n|move|p2a: Camerupt|Eruption|p1a: Bosch|[spread] p1a\n|-activate|p1b: Mozilla|move: Protect\n|-resisted|p1a: Bosch|1\n|-damage|p1a: Bosch|65/100\n|move|p2b: Farigiraf|Hyper Voice|p1a: Bosch|[spread] p1a\n|-activate|p1b: Mozilla|move: Protect\n|-damage|p1a: Bosch|37/100\n|-enditem|p1a: Bosch|Sitrus Berry|[eat]\n|-heal|p1a: Bosch|62/100|[from] item: Sitrus Berry\n|\n|upkeep\n|turn|4\n|inactive|KennarDH has 30 seconds left.\n|\n|t:|1776336620\n|move|p2a: Camerupt|Eruption|p1a: Bosch|[spread] p1a,p1b\n|-resisted|p1a: Bosch|1\n|-resisted|p1b: Mozilla|1\n|-damage|p1a: Bosch|30/100\n|-damage|p1b: Mozilla|0 fnt\n|faint|p1b: Mozilla\n|move|p2b: Farigiraf|Hyper Voice|p1a: Bosch\n|-damage|p1a: Bosch|0 fnt\n|faint|p1a: Bosch\n|\n|upkeep\n|-message|jakeyyekaj forfeited.\n|\n|win|KennarDH\n|raw|jakeyyekaj's rating: 1170 &rarr; <strong>1145</strong><br />(-25 for losing)\n|raw|KennarDH's rating: 1171 &rarr; <strong>1196</strong><br />(+25 for winning)\n|l|\u2606jakeyyekaj\n|player|p1|\n",
  "uploadtime": 1776336638,
  "views": 30,
  "formatid": "gen9championsvgc2026regma",
  "rating": 1145,
  "private": 0,
  "password": null
}