{
  "id": "gen9championsvgc2026regma-2589435113",
  "format": "[Gen 9 Champions] VGC 2026 Reg M-A",
  "players": [
    "krisles",
    "MimikyuBot"
  ],
  "log": "|j|\u2606krisles\n|j|\u2606MimikyuBot\n|t:|1776722701\n|gametype|doubles\n|player|p1|krisles|102|1047\n|player|p2|MimikyuBot|266|1000\n|gen|9\n|tier|[Gen 9 Champions] VGC 2026 Reg M-A\n|rated|\n|rule|Species Clause: Limit one of each Pok\u00e9mon\n|rule|Item Clause: Limit 1 of each item\n|clearpoke\n|poke|p1|Scovillain, L50, M|\n|poke|p1|Zoroark-Hisui, L50, F|\n|poke|p1|Greninja, L50, M|\n|poke|p1|Reuniclus, L50, M|\n|poke|p1|Sneasler, L50, M|\n|poke|p1|Aerodactyl, L50, M|\n|poke|p2|Aegislash, L50, M, shiny|\n|poke|p2|Whimsicott, L50, F, shiny|\n|poke|p2|Gallade, L50, M, shiny|\n|poke|p2|Incineroar, L50, M, shiny|\n|poke|p2|Clefable, L50, F, shiny|\n|poke|p2|Milotic, L50, M, shiny|\n|teampreview|4\nMimikyuBot has agreed to open team sheets.\nkrisles rejected open team sheets.\n|\n|t:|1776722754\n|teamsize|p1|4\n|teamsize|p2|4\n|start\n|switch|p1a: Reuniclus|Reuniclus, L50, M|100/100\n|switch|p1b: Sneasler|Sneasler, L50, M|100/100\n|switch|p2a: Whimsicott|Whimsicott, L50, F, shiny|100/100\n|switch|p2b: Gallade|Gallade, L50, M, shiny|100/100\n|turn|1\n|inactive|Battle timer is ON: inactive players will automatically lose when time's up. (requested by MimikyuBot)\n|\n|t:|1776722779\n|switch|p2a: Incineroar|Incineroar, L50, M, shiny|100/100\n|-ability|p2a: Incineroar|Intimidate|boost\n|-unboost|p1a: Reuniclus|atk|1\n|-unboost|p1b: Sneasler|atk|1\n|-enditem|p1b: Sneasler|White Herb\n|-clearnegativeboost|p1b: Sneasler|[silent]\n|detailschange|p2b: Gallade|Gallade-Mega, L50, M, shiny\n|-mega|p2b: Gallade|Gallade|Galladite\n|move|p1b: Sneasler|Fake Out|p2b: Gallade\n|-damage|p2b: Gallade|80/100\n|move|p2b: Gallade|Psycho Cut|p1b: Sneasler\n|-supereffective|p1b: Sneasler|2\n|-damage|p1b: Sneasler|0 fnt\n|faint|p1b: Sneasler\n|move|p1a: Reuniclus|Drain Punch|p2a: Incineroar\n|-supereffective|p2a: Incineroar|1\n|-damage|p2a: Incineroar|87/100\n|\n|-heal|p2a: Incineroar|93/100|[from] item: Leftovers\n|upkeep\n|\n|t:|1776722799\n|switch|p1b: Aerodactyl|Aerodactyl, L50, M|100/100\n|-ability|p1b: Aerodactyl|Unnerve\n|turn|2\n|-message|krisles forfeited.\n|\n|win|MimikyuBot\n",
  "uploadtime": 1776722756,
  "views": 3,
  "formatid": "gen9championsvgc2026regma",
  "rating": null,
  "private": 0,
  "password": null
}