{
  "id": "gen9championsvgc2026regma-2584927111",
  "format": "[Gen 9 Champions] VGC 2026 Reg M-A",
  "players": [
    "pictochatvgc",
    "duffmcwhaling"
  ],
  "log": "|j|\u2606pictochatvgc\n|j|\u2606duffmcwhaling\n|t:|1776295252\n|gametype|doubles\n|player|p1|pictochatvgc|skier|1315\n|player|p2|duffmcwhaling|scientist-gen4dp|1303\n|gen|9\n|tier|[Gen 9 Champions] VGC 2026 Reg M-A\n|rated|\n|rule|Species Clause: Limit one of each Pok\u00e9mon\n|rule|Item Clause: Limit 1 of each item\n|clearpoke\n|poke|p1|Greninja-*, L50, M|\n|poke|p1|Rotom-Mow, L50|\n|poke|p1|Chandelure, L50, F|\n|poke|p1|Talonflame, L50, F|\n|poke|p1|Lycanroc-Dusk, L50, M|\n|poke|p1|Clefable, L50, F|\n|poke|p2|Glimmora, L50, F|\n|poke|p2|Orthworm, L50, M|\n|poke|p2|Talonflame, L50, F|\n|poke|p2|Tyranitar, L50, M|\n|poke|p2|Garchomp, L50, M|\n|poke|p2|Farigiraf, L50, M|\n|teampreview|4\n|\n|t:|1776295293\n|teamsize|p1|4\n|teamsize|p2|4\n|start\n|switch|p1a: Clefable|Clefable, L50, F|100/100\n|switch|p1b: Rotom|Rotom-Mow, L50|100/100\n|switch|p2a: Orthworm|Orthworm, L50, M|100/100\n|switch|p2b: Farigiraf|Farigiraf, L50, M|100/100\n|turn|1\n|\n|t:|1776295311\n|move|p2b: Farigiraf|Protect|p2b: Farigiraf\n|-singleturn|p2b: Farigiraf|Protect\n|move|p1b: Rotom|Will-O-Wisp|p2a: Orthworm\n|-status|p2a: Orthworm|brn\n|move|p2a: Orthworm|Shed Tail|p2a: Orthworm\n|-start|p2a: Orthworm|Substitute|[from] move: Shed Tail\n|-damage|p2a: Orthworm|50/100 brn\n|-enditem|p2a: Orthworm|Sitrus Berry|[eat]\n|-heal|p2a: Orthworm|75/100 brn|[from] item: Sitrus Berry\n|\n|t:|1776295320\n|switch|p2a: Glimmora|Glimmora, L50, F|100/100|[from] Shed Tail\n|move|p1a: Clefable|Cosmic Power|p1a: Clefable\n|-boost|p1a: Clefable|def|1\n|-boost|p1a: Clefable|spd|1\n|\n|upkeep\n|turn|2\n|\n|t:|1776295341\n|switch|p2b: Orthworm|Orthworm, L50, M|75/100 brn\n|detailschange|p2a: Glimmora|Glimmora-Mega, L50, F\n|-mega|p2a: Glimmora|Glimmora|Glimmoranite\n|move|p1a: Clefable|Follow Me|p1a: Clefable\n|-singleturn|p1a: Clefable|move: Follow Me\n|move|p2a: Glimmora|Sludge Wave|p1b: Rotom|[spread] p1a,p1b\n|-immune|p2b: Orthworm\n|-supereffective|p1a: Clefable|1\n|-supereffective|p1b: Rotom|1\n|-damage|p1a: Clefable|46/100\n|-damage|p1b: Rotom|0 fnt\n|faint|p1b: Rotom\n|\n|-heal|p1a: Clefable|52/100|[from] item: Leftovers\n|-damage|p2b: Orthworm|69/100 brn|[from] brn\n|upkeep\n|\n|t:|1776295359\n|switch|p1b: Greninja|Greninja, L50, M, shiny|100/100\n|turn|3\n|\n|t:|1776295383\n|detailschange|p1b: Greninja|Greninja-Mega, L50, M, shiny\n|-mega|p1b: Greninja|Greninja|Greninjite\n|move|p1a: Clefable|Protect|p1a: Clefable\n|-singleturn|p1a: Clefable|Protect\n|move|p1b: Greninja|Hydro Pump|p2a: Glimmora\n|-start|p1b: Greninja|typechange|Water|[from] ability: Protean\n|-supereffective|p2a: Glimmora|1\n|-end|p2a: Glimmora|Substitute\n|move|p2a: Glimmora|Sludge Wave|p1a: Clefable|[spread] p1b\n|-activate|p1a: Clefable|move: Protect\n|-immune|p2b: Orthworm\n|-damage|p1b: Greninja|22/100\n|move|p2b: Orthworm|Body Press|p1b: Greninja\n|-damage|p1b: Greninja|0 fnt\n|faint|p1b: Greninja\n|\n|-heal|p1a: Clefable|58/100|[from] item: Leftovers\n|-damage|p2b: Orthworm|63/100 brn|[from] brn\n|upkeep\n|\n|t:|1776295394\n|switch|p1b: Lycanroc|Lycanroc-Dusk, L50, M|100/100\n|turn|4\n|\n|t:|1776295404\n|move|p1b: Lycanroc|Iron Head|p2a: Glimmora\n|-supereffective|p2a: Glimmora|1\n|-damage|p2a: Glimmora|31/100\n|move|p2a: Glimmora|Sludge Wave|p1b: Lycanroc|[spread] p1a,p1b\n|-immune|p2b: Orthworm\n|-supereffective|p1a: Clefable|1\n|-crit|p1a: Clefable\n|-resisted|p1b: Lycanroc|1\n|-damage|p1a: Clefable|0 fnt\n|-damage|p1b: Lycanroc|54/100\n|faint|p1a: Clefable\n|move|p2b: Orthworm|Heavy Slam|p1b: Lycanroc\n|-supereffective|p1b: Lycanroc|1\n|-damage|p1b: Lycanroc|0 fnt\n|faint|p1b: Lycanroc\n|\n|win|duffmcwhaling\n|raw|pictochatvgc's rating: 1315 &rarr; <strong>1294</strong><br />(-21 for losing)\n|raw|duffmcwhaling's rating: 1303 &rarr; <strong>1324</strong><br />(+21 for winning)\n|l|\u2606pictochatvgc\n|player|p1|\n",
  "uploadtime": 1776295415,
  "views": 29,
  "formatid": "gen9championsvgc2026regma",
  "rating": 1294,
  "private": 0,
  "password": null
}