{
  "id": "gen9championsvgc2026regma-2588639124",
  "format": "[Gen 9 Champions] VGC 2026 Reg M-A",
  "players": [
    "ActualJackal",
    "ministermilk"
  ],
  "log": "|j|\u2606ActualJackal\n|j|\u2606ministermilk\n|t:|1776652686\n|gametype|doubles\n|player|p1|ActualJackal|shadowtriad|1111\n|player|p2|ministermilk|169|1190\n|gen|9\n|tier|[Gen 9 Champions] VGC 2026 Reg M-A\n|rated|\n|rule|Species Clause: Limit one of each Pok\u00e9mon\n|rule|Item Clause: Limit 1 of each item\n|clearpoke\n|poke|p1|Beedrill, L50, F|\n|poke|p1|Milotic, L50, F|\n|poke|p1|Arcanine, L50, F|\n|poke|p1|Tsareena, L50, F|\n|poke|p1|Garchomp, L50, M|\n|poke|p1|Kingambit, L50, F|\n|poke|p2|Charizard, L50, F|\n|poke|p2|Sneasler, L50, M|\n|poke|p2|Venusaur, L50, M|\n|poke|p2|Kingambit, L50, M|\n|poke|p2|Gyarados, L50, F|\n|poke|p2|Maushold-Four, L50|\n|teampreview|4\n|inactive|Battle timer is ON: inactive players will automatically lose when time's up. (requested by ministermilk)\n|\n|t:|1776652721\n|teamsize|p1|4\n|teamsize|p2|4\n|start\n|switch|p1a: Grass Lady|Tsareena, L50, F|100/100\n|switch|p1b: Ground Dude|Garchomp, L50, M|100/100\n|switch|p2a: Charizard|Charizard, L50, F|100/100\n|switch|p2b: Venusaur|Venusaur, L50, M|100/100\n|turn|1\n|\n|t:|1776652733\n|detailschange|p1b: Ground Dude|Garchomp-Mega, L50, M\n|-mega|p1b: Ground Dude|Garchomp|Garchompite\n|detailschange|p2a: Charizard|Charizard-Mega-Y, L50, F\n|-mega|p2a: Charizard|Charizard|Charizardite Y\n|-weather|SunnyDay|[from] ability: Drought|[of] p2a: Charizard\n|move|p1a: Grass Lady|Helping Hand|p1b: Ground Dude\n|-singleturn|p1b: Ground Dude|Helping Hand|[of] p1a: Grass Lady\n|move|p2b: Venusaur|Sludge Bomb|p1a: Grass Lady\n|-supereffective|p1a: Grass Lady|1\n|-damage|p1a: Grass Lady|3/100\n|-status|p1a: Grass Lady|psn\n|-enditem|p1a: Grass Lady|Sitrus Berry|[eat]\n|-heal|p1a: Grass Lady|27/100 psn|[from] item: Sitrus Berry\n|move|p2a: Charizard|Heat Wave|p1b: Ground Dude|[spread] p1a\n|-miss|p2a: Charizard|p1b: Ground Dude\n|-supereffective|p1a: Grass Lady|1\n|-damage|p1a: Grass Lady|0 fnt\n|faint|p1a: Grass Lady\n|move|p1b: Ground Dude|Rock Slide|p2a: Charizard|[spread] p2a,p2b\n|-supereffective|p2a: Charizard|2\n|-damage|p2a: Charizard|0 fnt\n|-damage|p2b: Venusaur|55/100\n|faint|p2a: Charizard\n|\n|-weather|SunnyDay|[upkeep]\n|-heal|p2b: Venusaur|60/100|[from] item: Leftovers\n|upkeep\n|\n|t:|1776652758\n|switch|p2a: Sneasler|Sneasler, L50, M|100/100\n|switch|p1a: Samurai Dude|Kingambit, L50, F|100/100\n|turn|2\n|\n|t:|1776652778\n|move|p1a: Samurai Dude|Protect|p1a: Samurai Dude\n|-singleturn|p1a: Samurai Dude|Protect\n|move|p2a: Sneasler|Fake Out|p1a: Samurai Dude\n|-activate|p1a: Samurai Dude|move: Protect\n|move|p2b: Venusaur|Earth Power|p1a: Samurai Dude\n|-activate|p1a: Samurai Dude|move: Protect\n|move|p1b: Ground Dude|Earthquake|p2a: Sneasler|[spread] p2a,p2b\n|-activate|p1a: Samurai Dude|move: Protect\n|-supereffective|p2a: Sneasler|1\n|-enditem|p2a: Sneasler|Focus Sash\n|-damage|p2a: Sneasler|1/100\n|-damage|p2b: Venusaur|0 fnt\n|faint|p2b: Venusaur\n|\n|-weather|SunnyDay|[upkeep]\n|upkeep\n|-message|ministermilk forfeited.\n|\n|win|ActualJackal\n|raw|ActualJackal's rating: 1111 &rarr; <strong>1142</strong><br />(+31 for winning)\n|raw|ministermilk's rating: 1190 &rarr; <strong>1159</strong><br />(-31 for losing)\n|l|\u2606ministermilk\n|player|p2|\n",
  "uploadtime": 1776652803,
  "views": 9,
  "formatid": "gen9championsvgc2026regma",
  "rating": 1142,
  "private": 0,
  "password": null
}