{
  "id": "gen9championsvgc2026regma-2585461847",
  "format": "[Gen 9 Champions] VGC 2026 Reg M-A",
  "players": [
    "kingklaudius",
    "the law1234"
  ],
  "log": "|j|\u2606kingklaudius\n|j|\u2606the law1234\n|t:|1776348879\n|gametype|doubles\n|player|p1|kingklaudius|hiker-gen4|1044\n|player|p2|the law1234|266|1119\n|gen|9\n|tier|[Gen 9 Champions] VGC 2026 Reg M-A\n|rated|\n|rule|Species Clause: Limit one of each Pok\u00e9mon\n|rule|Item Clause: Limit 1 of each item\n|clearpoke\n|poke|p1|Tyranitar, L50, M|\n|poke|p1|Corviknight, L50, M|\n|poke|p1|Milotic, L50, F|\n|poke|p1|Sinistcha, L50|\n|poke|p1|Dragonite, L50, F|\n|poke|p1|Glimmora, L50, F|\n|poke|p2|Archaludon, L50, M|\n|poke|p2|Pelipper, L50, M|\n|poke|p2|Primarina, L50, F|\n|poke|p2|Basculegion-F, L50, F|\n|poke|p2|Garchomp, L50, F|\n|poke|p2|Feraligatr, L50, F|\n|teampreview|4\n|inactive|Battle timer is ON: inactive players will automatically lose when time's up. (requested by kingklaudius)\n|inactive|kingklaudius has 60 seconds left.\n|inactive|the law1234 has 60 seconds left.\n|\n|t:|1776348917\n|teamsize|p1|4\n|teamsize|p2|4\n|start\n|switch|p1a: Glimmora|Glimmora, L50, F|100/100\n|switch|p1b: Tyranitar|Tyranitar, L50, M|100/100\n|switch|p2a: Pelipper|Pelipper, L50, M|100/100\n|switch|p2b: Feraligatr|Feraligatr, L50, F|100/100\n|-weather|Sandstorm|[from] ability: Sand Stream|[of] p1b: Tyranitar\n|-weather|RainDance|[from] ability: Drizzle|[of] p2a: Pelipper\n|turn|1\n|\n|t:|1776348939\n|switch|p1b: Sinistcha|Sinistcha, L50|100/100\n|detailschange|p2b: Feraligatr|Feraligatr-Mega, L50, F\n|-mega|p2b: Feraligatr|Feraligatr|Feraligite\n|move|p1a: Glimmora|Spiky Shield|p1a: Glimmora\n|-singleturn|p1a: Glimmora|move: Protect\n|move|p2b: Feraligatr|Liquidation|p1b: Sinistcha\n|-resisted|p1b: Sinistcha|1\n|-damage|p1b: Sinistcha|62/100\n|move|p2a: Pelipper|Tailwind|p2a: Pelipper\n|-sidestart|p2: the law1234|move: Tailwind\n|\n|-weather|RainDance|[upkeep]\n|upkeep\n|turn|2\n|inactive|kingklaudius has 30 seconds left.\n|inactive|kingklaudius has 20 seconds left.\n|\n|t:|1776348978\n|move|p2a: Pelipper|Wide Guard|p2a: Pelipper\n|-singleturn|p2a: Pelipper|Wide Guard\n|move|p1b: Sinistcha|Rage Powder|p1b: Sinistcha\n|-singleturn|p1b: Sinistcha|move: Rage Powder\n|move|p2b: Feraligatr|Flip Turn|p1b: Sinistcha\n|-resisted|p1b: Sinistcha|1\n|-damage|p1b: Sinistcha|35/100\n|\n|t:|1776348990\n|switch|p2b: Primarina|Primarina, L50, F|100/100|[from] Flip Turn\n|move|p1a: Glimmora|Power Gem|p2a: Pelipper\n|-supereffective|p2a: Pelipper|1\n|-damage|p2a: Pelipper|0 fnt\n|faint|p2a: Pelipper\n|\n|-weather|RainDance|[upkeep]\n|upkeep\n|\n|t:|1776348999\n|switch|p2a: Archaludon|Archaludon, L50, M|100/100\n|turn|3\n|inactive|kingklaudius has 30 seconds left.\n|\n|t:|1776349028\n|switch|p1b: Tyranitar|Tyranitar, L50, M|100/100\n|-weather|Sandstorm|[from] ability: Sand Stream|[of] p1b: Tyranitar\n|move|p1a: Glimmora|Spiky Shield|p1a: Glimmora\n|-singleturn|p1a: Glimmora|move: Protect\n|move|p2a: Archaludon|Electro Shot||[still]\n|-prepare|p2a: Archaludon|Electro Shot\n|-boost|p2a: Archaludon|spa|1\n|move|p2b: Primarina|Moonblast|p1b: Tyranitar\n|-supereffective|p1b: Tyranitar|1\n|-damage|p1b: Tyranitar|29/100\n|\n|-weather|Sandstorm|[upkeep]\n|-damage|p2b: Primarina|94/100|[from] Sandstorm\n|upkeep\n|turn|4\n|inactive|kingklaudius has 30 seconds left.\n|inactive|the law1234 has 30 seconds left.\n|inactive|kingklaudius has 20 seconds left.\n|\n|t:|1776349067\n|detailschange|p1a: Glimmora|Glimmora-Mega, L50, F\n|-mega|p1a: Glimmora|Glimmora|Glimmoranite\n|move|p2a: Archaludon|Electro Shot|p1a: Glimmora|[from] lockedmove\n|-damage|p1a: Glimmora|43/100\n|move|p2b: Primarina|Surf|p1b: Tyranitar|[spread] p2a,p1a,p1b\n|-resisted|p2a: Archaludon|1\n|-supereffective|p1a: Glimmora|1\n|-crit|p1a: Glimmora\n|-supereffective|p1b: Tyranitar|1\n|-damage|p2a: Archaludon|81/100\n|-damage|p1a: Glimmora|0 fnt\n|-damage|p1b: Tyranitar|0 fnt\n|faint|p1a: Glimmora\n|faint|p1b: Tyranitar\n|\n|-weather|Sandstorm|[upkeep]\n|-damage|p2b: Primarina|88/100|[from] Sandstorm\n|-heal|p2a: Archaludon|87/100|[from] item: Leftovers\n|-sideend|p2: the law1234|move: Tailwind\n|upkeep\n|-message|kingklaudius forfeited.\n|\n|win|the law1234\n|raw|kingklaudius's rating: 1044 &rarr; <strong>1031</strong><br />(-13 for losing)\n|raw|the law1234's rating: 1119 &rarr; <strong>1139</strong><br />(+20 for winning)\n|l|\u2606kingklaudius\n|player|p1|\n",
  "uploadtime": 1776349102,
  "views": 24,
  "formatid": "gen9championsvgc2026regma",
  "rating": 1031,
  "private": 0,
  "password": null
}