{
  "id": "gen9championsvgc2026regma-2583621177",
  "format": "[Gen 9 Champions] VGC 2026 Reg M-A",
  "players": [
    "Bman311",
    "segapagoss"
  ],
  "log": "|j|\u2606Bman311\n|j|\u2606segapagoss\n|t:|1776187042\n|gametype|doubles\n|player|p1|Bman311|1|1405\n|player|p2|segapagoss|gladion|1636\n|gen|9\n|tier|[Gen 9 Champions] VGC 2026 Reg M-A\n|rated|\n|rule|Species Clause: Limit one of each Pok\u00e9mon\n|rule|Item Clause: Limit 1 of each item\n|clearpoke\n|poke|p1|Aegislash, L50, F|\n|poke|p1|Garchomp, L50, F|\n|poke|p1|Delphox, L50, F|\n|poke|p1|Floette-Eternal, L50, F|\n|poke|p1|Maushold-Four, L50|\n|poke|p1|Talonflame, L50, F|\n|poke|p2|Garchomp, L50, M|\n|poke|p2|Floette-Eternal, L50, F|\n|poke|p2|Sneasler, L50, M|\n|poke|p2|Aerodactyl, L50, M|\n|poke|p2|Basculegion, L50, M|\n|poke|p2|Kingambit, L50, M|\n|teampreview|4\n|inactive|Battle timer is ON: inactive players will automatically lose when time's up. (requested by Bman311)\nBman311 has agreed to open team sheets.\n|j| kelso shrug\nsegapagoss rejected open team sheets.\n|inactive|segapagoss has 60 seconds left.\n|c| kelso shrug|Stai giocando il team peggiore del formato\n|inactive|segapagoss has 30 seconds left.\n|\n|t:|1776187106\n|teamsize|p1|4\n|teamsize|p2|4\n|start\n|switch|p1a: Delphox|Delphox, L50, F|100/100\n|switch|p1b: Maushold|Maushold-Four, L50|100/100\n|switch|p2a: Aerodactyl|Aerodactyl, L50, M|100/100\n|switch|p2b: Basculegion|Basculegion, L50, M, shiny|100/100\n|-ability|p2a: Aerodactyl|Unnerve\n|turn|1\n|l| kelso shrug\n|inactive|Bman311 has 30 seconds left.\n|inactive|segapagoss has 30 seconds left.\n|\n|t:|1776187139\n|detailschange|p1a: Delphox|Delphox-Mega, L50, F\n|-mega|p1a: Delphox|Delphox|Delphoxite\n|move|p1b: Maushold|Helping Hand|p1a: Delphox\n|-singleturn|p1a: Delphox|Helping Hand|[of] p1b: Maushold\n|move|p2b: Basculegion|Flip Turn|p1a: Delphox\n|-supereffective|p1a: Delphox|1\n|-crit|p1a: Delphox\n|-damage|p1a: Delphox|0 fnt\n|faint|p1a: Delphox\n|c|\u2606Bman311|gg\n|\n|t:|1776187156\n|switch|p2b: Floette|Floette-Eternal, L50, F|100/100|[from] Flip Turn\n|move|p2a: Aerodactyl|Tailwind|p2a: Aerodactyl\n|-sidestart|p2: segapagoss|move: Tailwind\n|\n|upkeep\n|\n|t:|1776187162\n|switch|p1a: Talonflame|Talonflame, L50, F|100/100\n|turn|2\n|j| kelso shrug\n|\n|t:|1776187176\n|detailschange|p2b: Floette|Floette-Mega, L50, F\n|-mega|p2b: Floette|Floette|Floettite\n|-ability|p2b: Floette|Fairy Aura\n|move|p1a: Talonflame|Tailwind|p1a: Talonflame\n|-sidestart|p1: Bman311|move: Tailwind\n|move|p2a: Aerodactyl|Rock Slide|p1b: Maushold|[spread] p1a,p1b\n|-supereffective|p1a: Talonflame|2\n|-damage|p1a: Talonflame|0 fnt\n|-damage|p1b: Maushold|70/100\n|faint|p1a: Talonflame\n|cant|p1b: Maushold|flinch\n|move|p2b: Floette|Light of Ruin|p1b: Maushold\n|-damage|p1b: Maushold|0 fnt\n|faint|p1b: Maushold\n|-damage|p2b: Floette|59/100|[from] Recoil\n|\n|upkeep\n|\n|t:|1776187196\n|switch|p1b: Garchomp|Garchomp, L50, F|100/100\n|turn|3\n|c| kelso shrug|Ez\n|j| procioni proni\n|\n|t:|1776187208\n|move|p2a: Aerodactyl|Rock Slide|p1b: Garchomp\n|-resisted|p1b: Garchomp|1\n|-damage|p1b: Garchomp|85/100\n|move|p2b: Floette|Dazzling Gleam|p1b: Garchomp\n|-supereffective|p1b: Garchomp|1\n|-damage|p1b: Garchomp|0 fnt\n|faint|p1b: Garchomp\n|\n|win|segapagoss\n|raw|Bman311's rating: 1405 &rarr; <strong>1397</strong><br />(-8 for losing)\n|raw|segapagoss's rating: 1636 &rarr; <strong>1644</strong><br />(+8 for winning)\n|l| kelso shrug\n|l|\u2606segapagoss\n|player|p2|\n|l|\u2606Bman311\n|player|p1|\n|j|\u2606Bman311\n|player|p1|Bman311|1|\n|l|\u2606Bman311\n|player|p1|\n|j|\u2606Bman311\n|player|p1|Bman311|1|\n",
  "uploadtime": 1776187272,
  "views": 88,
  "formatid": "gen9championsvgc2026regma",
  "rating": 1397,
  "private": 0,
  "password": null
}