{
  "id": "gen9championsvgc2026regma-2582710444",
  "format": "[Gen 9 Champions] VGC 2026 Reg M-A",
  "players": [
    "BlazingDurendal",
    "thecynikyt"
  ],
  "log": "|j|\u2606BlazingDurendal\n|j|\u2606thecynikyt\n|t:|1776108837\n|gametype|doubles\n|player|p1|BlazingDurendal|janitor|1034\n|player|p2|thecynikyt|alder|1026\n|gen|9\n|tier|[Gen 9 Champions] VGC 2026 Reg M-A\n|rated|\n|rule|Species Clause: Limit one of each Pok\u00e9mon\n|rule|Item Clause: Limit 1 of each item\n|clearpoke\n|poke|p1|Medicham, L50, M|\n|poke|p1|Arcanine-Hisui, L50, F|\n|poke|p1|Hydreigon, L50, M|\n|poke|p1|Hatterene, L50, F|\n|poke|p1|Corviknight, L50, M|\n|poke|p1|Maushold-Four, L50|\n|poke|p2|Gallade, L50, M|\n|poke|p2|Whimsicott, L50, M|\n|poke|p2|Zoroark-Hisui, L50, M|\n|poke|p2|Archaludon, L50, M|\n|poke|p2|Meganium, L50, M|\n|poke|p2|Rotom-Wash, L50|\n|teampreview|4\n|inactive|Battle timer is ON: inactive players will automatically lose when time's up. (requested by thecynikyt)\n|\n|t:|1776108865\n|teamsize|p1|4\n|teamsize|p2|4\n|start\n|switch|p1a: Medicham|Medicham, L50, M, shiny|100/100\n|switch|p1b: Maushold|Maushold-Four, L50|100/100\n|switch|p2a: Whimsicott|Whimsicott, L50, M|100/100\n|switch|p2b: Gallade|Gallade, L50, M, shiny|100/100\n|turn|1\n|\n|t:|1776108890\n|detailschange|p1a: Medicham|Medicham-Mega, L50, M, shiny\n|-mega|p1a: Medicham|Medicham|Medichamite\n|move|p1a: Medicham|Fake Out|p2a: Whimsicott\n|-damage|p2a: Whimsicott|68/100\n|cant|p2a: Whimsicott|flinch\n|move|p1b: Maushold|Taunt|p2a: Whimsicott\n|-start|p2a: Whimsicott|move: Taunt\n|-enditem|p2a: Whimsicott|Mental Herb\n|-end|p2a: Whimsicott|move: Taunt\n|move|p2b: Gallade|Hyper Voice|p1b: Maushold|[spread] p1a,p1b\n|-damage|p1a: Medicham|60/100\n|-damage|p1b: Maushold|59/100\n|\n|upkeep\n|turn|2\n|inactive|BlazingDurendal has 30 seconds left.\n|\n|t:|1776108916\n|move|p1b: Maushold|Follow Me|p1b: Maushold\n|-singleturn|p1b: Maushold|move: Follow Me\n|move|p2a: Whimsicott|Tailwind|p2a: Whimsicott\n|-sidestart|p2: thecynikyt|move: Tailwind\n|move|p2b: Gallade|Hyper Voice|p1a: Medicham|[spread] p1a,p1b\n|-damage|p1a: Medicham|18/100\n|-damage|p1b: Maushold|13/100\n|move|p1a: Medicham|Zen Headbutt|p2b: Gallade\n|-enditem|p2b: Gallade|Focus Sash\n|-damage|p2b: Gallade|1/100\n|replace|p2b: Zoroark|Zoroark-Hisui, L50, M\n|-end|p2b: Zoroark|Illusion\n|\n|upkeep\n|turn|3\n|inactive|BlazingDurendal has 30 seconds left.\n|inactive|BlazingDurendal has 20 seconds left.\n|\n|t:|1776108956\n|switch|p1b: Hydreigon|Hydreigon, L50, M, shiny|100/100\n|switch|p1a: Hatterene|Hatterene, L50, F, shiny|100/100\n|move|p2a: Whimsicott|Moonblast|p1b: Hydreigon\n|-supereffective|p1b: Hydreigon|2\n|-damage|p1b: Hydreigon|0 fnt\n|faint|p1b: Hydreigon\n|move|p2b: Zoroark|Bitter Malice|p1a: Hatterene\n|-supereffective|p1a: Hatterene|1\n|-damage|p1a: Hatterene|26/100\n|-unboost|p1a: Hatterene|atk|1\n|-enditem|p1a: Hatterene|Sitrus Berry|[eat]\n|-heal|p1a: Hatterene|51/100|[from] item: Sitrus Berry\n|\n|upkeep\n|-message|BlazingDurendal forfeited.\n|\n|win|thecynikyt\n|raw|BlazingDurendal's rating: 1034 &rarr; <strong>1019</strong><br />(-15 for losing)\n|raw|thecynikyt's rating: 1026 &rarr; <strong>1063</strong><br />(+37 for winning)\n|l|\u2606BlazingDurendal\n|player|p1|\n",
  "uploadtime": 1776108972,
  "views": 12,
  "formatid": "gen9championsvgc2026regma",
  "rating": 1019,
  "private": 0,
  "password": null
}