{
  "id": "gen9championsvgc2026regma-2582404961",
  "format": "[Gen 9 Champions] VGC 2026 Reg M-A",
  "players": [
    "Azure Resolution",
    "Hilmi"
  ],
  "log": "|j|\u2606Azure Resolution\n|j|\u2606Hilmi\n|t:|1776089501\n|gametype|doubles\n|player|p1|Azure Resolution|gentleman-gen4dp|1105\n|player|p2|Hilmi|nate|1006\n|gen|9\n|tier|[Gen 9 Champions] VGC 2026 Reg M-A\n|rated|\n|rule|Species Clause: Limit one of each Pok\u00e9mon\n|rule|Item Clause: Limit 1 of each item\n|clearpoke\n|poke|p1|Altaria, L50, F|\n|poke|p1|Whimsicott, L50, M|\n|poke|p1|Gardevoir, L50, F|\n|poke|p1|Kingambit, L50, F|\n|poke|p1|Basculegion, L50, M|\n|poke|p1|Rotom-Heat, L50|\n|poke|p2|Feraligatr, L50, M|\n|poke|p2|Incineroar, L50, F|\n|poke|p2|Gallade, L50, M|\n|poke|p2|Hawlucha, L50, M|\n|poke|p2|Basculegion-F, L50, F|\n|poke|p2|Jolteon, L50, M|\n|teampreview|4\n|\n|t:|1776089539\n|teamsize|p1|4\n|teamsize|p2|4\n|start\n|switch|p1a: Whimsicott|Whimsicott, L50, M|100/100\n|switch|p1b: Kingambit|Kingambit, L50, F|100/100\n|switch|p2a: Hawlucha|Hawlucha, L50, M|100/100\n|switch|p2b: Feraligatr|Feraligatr, L50, M|100/100\n|turn|1\n|\n|t:|1776089572\n|switch|p1b: Basculegion|Basculegion, L50, M|100/100\n|move|p1a: Whimsicott|Tailwind|p1a: Whimsicott\n|-sidestart|p1: Azure Resolution|move: Tailwind\n|move|p2a: Hawlucha|Coaching|p2b: Feraligatr\n|-boost|p2b: Feraligatr|atk|1\n|-boost|p2b: Feraligatr|def|1\n|move|p2b: Feraligatr|Dragon Dance|p2b: Feraligatr\n|-boost|p2b: Feraligatr|atk|1\n|-boost|p2b: Feraligatr|spe|1\n|\n|upkeep\n|turn|2\n|inactive|Battle timer is ON: inactive players will automatically lose when time's up. (requested by Hilmi)\n|\n|t:|1776089621\n|detailschange|p2b: Feraligatr|Feraligatr-Mega, L50, M\n|-mega|p2b: Feraligatr|Feraligatr|Feraligite\n|move|p2a: Hawlucha|Detect|p2a: Hawlucha\n|-singleturn|p2a: Hawlucha|Protect\n|move|p1b: Basculegion|Flip Turn|p2b: Feraligatr\n|-resisted|p2b: Feraligatr|2\n|-damage|p2b: Feraligatr|94/100\n|\n|t:|1776089632\n|switch|p1b: Gardevoir|Gardevoir, L50, F, shiny|100/100|[from] Flip Turn\n|-ability|p1b: Gardevoir|Dragonize|Trace|[from] ability: Trace|[of] p2b: Feraligatr\n|move|p1a: Whimsicott|Energy Ball|p2b: Feraligatr\n|-damage|p2b: Feraligatr|54/100\n|move|p2b: Feraligatr|Double-Edge|p1b: Gardevoir\n|-immune|p1b: Gardevoir\n|\n|upkeep\n|turn|3\n|\n|t:|1776089649\n|switch|p2a: Basculegion|Basculegion-F, L50, F|100/100\n|detailschange|p1b: Gardevoir|Gardevoir-Mega, L50, F, shiny\n|-mega|p1b: Gardevoir|Gardevoir|Gardevoirite\n|move|p1a: Whimsicott|Helping Hand|p1b: Gardevoir\n|-singleturn|p1b: Gardevoir|Helping Hand|[of] p1a: Whimsicott\n|move|p1b: Gardevoir|Hyper Voice|p2a: Basculegion|[spread] p2a,p2b\n|-supereffective|p2b: Feraligatr|1\n|-damage|p2a: Basculegion|9/100\n|-damage|p2b: Feraligatr|0 fnt\n|faint|p2b: Feraligatr\n|\n|upkeep\n|-message|Hilmi forfeited.\n|\n|win|Azure Resolution\n|raw|Azure Resolution's rating: 1105 &rarr; <strong>1123</strong><br />(+18 for winning)\n|raw|Hilmi's rating: 1006 &rarr; <strong>1000</strong><br />(-6 for losing)\n|l|\u2606Hilmi\n|player|p2|\n|c|\u2606Azure Resolution|wpgg\n",
  "uploadtime": 1776089918,
  "views": 25,
  "formatid": "gen9championsvgc2026regma",
  "rating": 1000,
  "private": 0,
  "password": null
}