{
  "id": "gen9championsvgc2026regma-2585662256",
  "format": "[Gen 9 Champions] VGC 2026 Reg M-A",
  "players": [
    "coolguyderek",
    "notmkyl"
  ],
  "log": "|j|\u2606coolguyderek\n|j|\u2606notmkyl\n|t:|1776362027\n|gametype|doubles\n|player|p1|coolguyderek|acetrainer-gen4dp|1085\n|player|p2|notmkyl|2|1000\n|gen|9\n|tier|[Gen 9 Champions] VGC 2026 Reg M-A\n|rated|\n|rule|Species Clause: Limit one of each Pok\u00e9mon\n|rule|Item Clause: Limit 1 of each item\n|clearpoke\n|poke|p1|Dragonite, L50, F|\n|poke|p1|Meganium, L50, F|\n|poke|p1|Basculegion, L50, M|\n|poke|p1|Incineroar, L50, M|\n|poke|p1|Pelipper, L50, M|\n|poke|p1|Scizor, L50, F|\n|poke|p2|Pelipper, L50, M|\n|poke|p2|Basculegion, L50, M|\n|poke|p2|Jolteon, L50, M|\n|poke|p2|Hawlucha, L50, M|\n|poke|p2|Krookodile, L50, M|\n|poke|p2|Scovillain, L50, F|\n|teampreview|4\n|inactive|Battle timer is ON: inactive players will automatically lose when time's up. (requested by coolguyderek)\n|inactive|coolguyderek has 60 seconds left.\n|\n|t:|1776362071\n|teamsize|p1|4\n|teamsize|p2|4\n|start\n|switch|p1a: Pelipper|Pelipper, L50, M|100/100\n|switch|p1b: Meganium|Meganium, L50, F|100/100\n|switch|p2a: Pelipper|Pelipper, L50, M, shiny|100/100\n|switch|p2b: Basculegion|Basculegion, L50, M, shiny|100/100\n|-weather|RainDance|[from] ability: Drizzle|[of] p1a: Pelipper\n|turn|1\n|inactive|notmkyl has 30 seconds left.\n|inactive|notmkyl has 20 seconds left.\n|\n|t:|1776362111\n|move|p1b: Meganium|Protect|p1b: Meganium\n|-singleturn|p1b: Meganium|Protect\n|move|p2b: Basculegion|Flip Turn|p1b: Meganium\n|-activate|p1b: Meganium|move: Protect\n|move|p1a: Pelipper|Tailwind|p1a: Pelipper\n|-sidestart|p1: coolguyderek|move: Tailwind\n|move|p2a: Pelipper|U-turn|p1b: Meganium\n|-activate|p1b: Meganium|move: Protect\n|\n|-weather|RainDance|[upkeep]\n|upkeep\n|turn|2\n|\n|t:|1776362129\n|detailschange|p1b: Meganium|Meganium-Mega, L50, F\n|-mega|p1b: Meganium|Meganium|Meganiumite\n|move|p1a: Pelipper|Hurricane|p2a: Pelipper\n|-damage|p2a: Pelipper|54/100\n|move|p1b: Meganium|Solar Beam||[still]\n|-prepare|p1b: Meganium|Solar Beam\n|-activate|p1b: Meganium|ability: Mega Sol\n|-anim|p1b: Meganium|Solar Beam|p2a: Pelipper\n|-damage|p2a: Pelipper|0 fnt\n|faint|p2a: Pelipper\n|move|p2b: Basculegion|Flip Turn|p1b: Meganium\n|-resisted|p1b: Meganium|1\n|-damage|p1b: Meganium|81/100\n|\n|t:|1776362143\n|switch|p2b: Hawlucha|Hawlucha, L50, M|100/100|[from] Flip Turn\n|-ability|p2b: Hawlucha|Mold Breaker\n|\n|-weather|RainDance|[upkeep]\n|upkeep\n|\n|t:|1776362148\n|switch|p2a: Jolteon|Jolteon, L50, M|100/100\n|turn|3\n|\n|t:|1776362158\n|detailschange|p2b: Hawlucha|Hawlucha-Mega, L50, M\n|-mega|p2b: Hawlucha|Hawlucha|Hawluchanite\n|move|p1a: Pelipper|Hurricane|p2b: Hawlucha\n|-supereffective|p2b: Hawlucha|1\n|-damage|p2b: Hawlucha|0 fnt\n|faint|p2b: Hawlucha\n|move|p1b: Meganium|Dazzling Gleam|p2a: Jolteon\n|-damage|p2a: Jolteon|41/100\n|move|p2a: Jolteon|Thunder|p1a: Pelipper\n|-supereffective|p1a: Pelipper|2\n|-enditem|p1a: Pelipper|Focus Sash\n|-damage|p1a: Pelipper|1/100\n|-status|p1a: Pelipper|par\n|\n|-weather|RainDance|[upkeep]\n|upkeep\n|-message|notmkyl forfeited.\n|\n|win|coolguyderek\n|raw|coolguyderek's rating: 1085 &rarr; <strong>1106</strong><br />(+21 for winning)\n|raw|notmkyl's rating: 1000 &rarr; <strong>1000</strong><br />(+0 for losing)\n|l|\u2606notmkyl\n|player|p2|\n",
  "uploadtime": 1776362170,
  "views": 29,
  "formatid": "gen9championsvgc2026regma",
  "rating": 1000,
  "private": 0,
  "password": null
}