{
  "id": "gen9championsvgc2026regma-2581610463",
  "format": "[Gen 9 Champions] VGC 2026 Reg M-A",
  "players": [
    "gavinvin",
    "CRABLADY"
  ],
  "log": "|j|\u2606gavinvin\n|j|\u2606CRABLADY\n|html|<table width=\"100%\"><tr><td align=\"left\">gavinvin</td><td align=\"right\">CRABLADY</tr><tr><td align=\"left\"><i class=\"fa fa-circle-o\"></i> <i class=\"fa fa-circle-o\"></i> </td><td align=\"right\"><i class=\"fa fa-circle-o\"></i> <i class=\"fa fa-circle\"></i> </tr></table>\n|uhtml|bestof|<h2><strong>Game 2</strong> of <a href=\"/game-bestof3-gen9championsvgc2026regma-2581607383\">a best-of-3</a></h2>\n|t:|1776014934\n|gametype|doubles\n|player|p1|gavinvin|bellelba|\n|player|p2|CRABLADY|scientistf|\n|gen|9\n|tier|[Gen 9 Champions] VGC 2026 Reg M-A\n|rule|Species Clause: Limit one of each Pok\u00e9mon\n|rule|Item Clause: Limit 1 of each item\n|raw|<div class=\"infobox\"><details class=\"readmore\" open><summary><strong>1 custom rule:</strong></summary> Best of = 3</details></div>\n|clearpoke\n|poke|p1|Floette-Eternal, L50, F|\n|poke|p1|Glimmora, L50, M|\n|poke|p1|Decidueye-Hisui, L50, F|\n|poke|p1|Typhlosion-Hisui, L50, F|\n|poke|p1|Mimikyu, L50, F|\n|poke|p1|Steelix, L50, F|\n|poke|p2|Rotom-Frost, L50|\n|poke|p2|Froslass, L50, F|\n|poke|p2|Orthworm, L50, F|\n|poke|p2|Garchomp, L50, M|\n|poke|p2|Basculegion, L50, M|\n|poke|p2|Incineroar, L50, F|\n|teampreview|4\n|\n|t:|1776014949\n|teamsize|p1|4\n|teamsize|p2|4\n|start\n|switch|p1a: Glimmora|Glimmora, L50, M, shiny|100/100\n|switch|p1b: Floette|Floette-Eternal, L50, F, shiny|100/100\n|switch|p2a: E'DekHereMil|Orthworm, L50, F, shiny|100/100\n|switch|p2b: Mint|Garchomp, L50, M, shiny|100/100\n|turn|1\n|\n|t:|1776014966\n|move|p1a: Glimmora|Sludge Bomb|p2b: Mint\n|-resisted|p2b: Mint|1\n|-damage|p2b: Mint|77/100\n|move|p2b: Mint|Earthquake|p1a: Glimmora|[spread] p1a,p1b\n|-immune|p2a: E'DekHereMil|[from] ability: Earth Eater\n|-supereffective|p1a: Glimmora|2\n|-damage|p1a: Glimmora|0 fnt\n|-damage|p1b: Floette|27/100\n|-activate|p1a: Glimmora|ability: Toxic Debris\n|-sidestart|p2: CRABLADY|move: Toxic Spikes\n|faint|p1a: Glimmora\n|move|p1b: Floette|Giga Drain|p2b: Mint\n|-damage|p2b: Mint|50/100\n|-heal|p1b: Floette|44/100|[from] drain|[of] p2b: Mint\n|move|p2a: E'DekHereMil|Heavy Slam|p1b: Floette\n|-supereffective|p1b: Floette|1\n|-damage|p1b: Floette|0 fnt\n|faint|p1b: Floette\n|\n|upkeep\n|\n|t:|1776014989\n|switch|p1b: Steelix|Steelix, L50, F, shiny|100/100\n|switch|p1a: Typhlosion|Typhlosion-Hisui, L50, F, shiny|100/100\n|turn|2\n|\n|t:|1776015002\n|move|p2b: Mint|Earthquake|p1b: Steelix|[spread] p1a,p1b\n|-immune|p2a: E'DekHereMil|[from] ability: Earth Eater\n|-supereffective|p1a: Typhlosion|1\n|-supereffective|p1b: Steelix|1\n|-damage|p1a: Typhlosion|0 fnt\n|-damage|p1b: Steelix|44/100\n|faint|p1a: Typhlosion\n|move|p2a: E'DekHereMil|Shed Tail|p2a: E'DekHereMil\n|-start|p2a: E'DekHereMil|Substitute|[from] move: Shed Tail\n|-damage|p2a: E'DekHereMil|50/100\n|-enditem|p2a: E'DekHereMil|Sitrus Berry|[eat]\n|-heal|p2a: E'DekHereMil|75/100|[from] item: Sitrus Berry\n|\n|t:|1776015013\n|switch|p2a: Aunt-Jeanny|Froslass, L50, F, shiny|100/100|[from] Shed Tail\n|-status|p2a: Aunt-Jeanny|psn\n|move|p1b: Steelix|Dragon Tail|p2a: Aunt-Jeanny\n|-activate|p2a: Aunt-Jeanny|move: Substitute|[damage]\n|\n|-damage|p2a: Aunt-Jeanny|88/100 psn|[from] psn\n|upkeep\n|turn|3\n|\n|t:|1776015029\n|detailschange|p2a: Aunt-Jeanny|Froslass-Mega, L50, F, shiny\n|-mega|p2a: Aunt-Jeanny|Froslass|Froslassite\n|-weather|Snowscape|[from] ability: Snow Warning|[of] p2a: Aunt-Jeanny\n|move|p2a: Aunt-Jeanny|Shadow Ball|p1b: Steelix\n|-damage|p1b: Steelix|0 fnt\n|faint|p1b: Steelix\n|\n|win|CRABLADY\n",
  "uploadtime": 1776015044,
  "views": 10,
  "formatid": "gen9championsvgc2026regma",
  "rating": null,
  "private": 0,
  "password": null
}