{
  "id": "gen9championsvgc2026regma-2582968642",
  "format": "[Gen 9 Champions] VGC 2026 Reg M-A",
  "players": [
    "UnloshTheWash",
    "Jah_08"
  ],
  "log": "|j|\u203dUnloshTheWash\n|j|\u2606Jah_08\n|t:|1776129375\n|gametype|doubles\n|player|p1|UnloshTheWash|red|1272\n|player|p2|Jah_08|alder|1271\n|gen|9\n|tier|[Gen 9 Champions] VGC 2026 Reg M-A\n|rated|\n|rule|Species Clause: Limit one of each Pok\u00e9mon\n|rule|Item Clause: Limit 1 of each item\n|clearpoke\n|poke|p1|Delphox, L50, M|\n|poke|p1|Mamoswine, L50, F|\n|poke|p1|Orthworm, L50, F|\n|poke|p1|Rotom-Wash, L50|\n|poke|p1|Maushold-Four, L50|\n|poke|p1|Sneasler, L50, M|\n|poke|p2|Excadrill, L50, M|\n|poke|p2|Whimsicott, L50, M|\n|poke|p2|Chandelure, L50, M|\n|poke|p2|Zoroark-Hisui, L50, M|\n|poke|p2|Basculegion, L50, M|\n|poke|p2|Conkeldurr, L50, M|\n|teampreview|4\n|inactive|Battle timer is ON: inactive players will automatically lose when time's up. (requested by UnloshTheWash)\n|\n|t:|1776129413\n|teamsize|p1|4\n|teamsize|p2|4\n|start\n|switch|p1a: Mamoswine|Mamoswine, L50, F|100/100\n|switch|p1b: Orthworm|Orthworm, L50, F|100/100\n|switch|p2a: Basculegion|Basculegion, L50, M|100/100\n|switch|p2b: Chandelure|Chandelure, L50, M, shiny|100/100\n|turn|1\n|inactive|Jah_08 has 30 seconds left.\n|\n|t:|1776129442\n|detailschange|p2b: Chandelure|Chandelure-Mega, L50, M, shiny\n|-mega|p2b: Chandelure|Chandelure|Chandelurite\n|move|p2a: Basculegion|Shadow Ball|p1a: Mamoswine\n|-damage|p1a: Mamoswine|39/100\n|move|p2b: Chandelure|Heat Wave|p1a: Mamoswine|[spread] p1a,p1b\n|-supereffective|p1a: Mamoswine|1\n|-supereffective|p1b: Orthworm|1\n|-damage|p1a: Mamoswine|0 fnt\n|-damage|p1b: Orthworm|0 fnt\n|faint|p1a: Mamoswine\n|faint|p1b: Orthworm\n|\n|upkeep\n|\n|t:|1776129453\n|switch|p1a: Delphox|Delphox, L50, M|100/100\n|switch|p1b: Rotom|Rotom-Wash, L50|100/100\n|turn|2\n|\n|t:|1776129475\n|detailschange|p1a: Delphox|Delphox-Mega, L50, M\n|-mega|p1a: Delphox|Delphox|Delphoxite\n|move|p1b: Rotom|Electroweb|p2b: Chandelure|[spread] p2a,p2b\n|-damage|p2a: Basculegion|69/100\n|-damage|p2b: Chandelure|80/100\n|-unboost|p2a: Basculegion|spe|1\n|-unboost|p2b: Chandelure|spe|1\n|replace|p2a: Zoroark|Zoroark-Hisui, L50, M\n|-end|p2a: Zoroark|Illusion\n|move|p1a: Delphox|Nasty Plot|p1a: Delphox\n|-boost|p1a: Delphox|spa|2\n|move|p2a: Zoroark|Shadow Ball|p1a: Delphox\n|-supereffective|p1a: Delphox|1\n|-damage|p1a: Delphox|31/100\n|move|p2b: Chandelure|Energy Ball|p1b: Rotom\n|-supereffective|p1b: Rotom|1\n|-crit|p1b: Rotom\n|-damage|p1b: Rotom|0 fnt\n|faint|p1b: Rotom\n|\n|upkeep\n|turn|3\n|\n|t:|1776129499\n|move|p1a: Delphox|Heat Wave|p2a: Zoroark|[spread] p2a,p2b\n|-resisted|p2b: Chandelure|1\n|-damage|p2a: Zoroark|0 fnt\n|-damage|p2b: Chandelure|36/100\n|faint|p2a: Zoroark\n|move|p2b: Chandelure|Shadow Ball|p1a: Delphox\n|-supereffective|p1a: Delphox|1\n|-damage|p1a: Delphox|0 fnt\n|faint|p1a: Delphox\n|\n|win|Jah_08\n|raw|UnloshTheWash's rating: 1272 &rarr; <strong>1247</strong><br />(-25 for losing)\n|raw|Jah_08's rating: 1271 &rarr; <strong>1296</strong><br />(+25 for winning)\n|l|\u203dUnloshTheWash\n|player|p1|\n",
  "uploadtime": 1776129505,
  "views": 20,
  "formatid": "gen9championsvgc2026regma",
  "rating": 1247,
  "private": 0,
  "password": null
}