{
  "id": "gen9championsvgc2026regma-2581181383",
  "format": "[Gen 9 Champions] VGC 2026 Reg M-A",
  "players": [
    "radstads",
    "PhillyBeatzU"
  ],
  "log": "|j|\u2606radstads\n|j|\u2606PhillyBeatzU\n|t:|1775967926\n|gametype|doubles\n|player|p1|radstads|101|1030\n|player|p2|PhillyBeatzU|shadowtriad|1029\n|gen|9\n|tier|[Gen 9 Champions] VGC 2026 Reg M-A\n|rated|\n|rule|Species Clause: Limit one of each Pok\u00e9mon\n|rule|Item Clause: Limit 1 of each item\n|clearpoke\n|poke|p1|Zoroark-Hisui, L50, F|\n|poke|p1|Maushold, L50|\n|poke|p1|Blastoise, L50, M|\n|poke|p1|Gengar, L50, F|\n|poke|p1|Sneasler, L50, M|\n|poke|p1|Altaria, L50, M|\n|poke|p2|Alakazam, L50, F|\n|poke|p2|Sneasler, L50, M|\n|poke|p2|Aerodactyl, L50, M|\n|poke|p2|Garchomp, L50, M|\n|poke|p2|Meowstic, L50, M|\n|poke|p2|Hatterene, L50, F|\n|teampreview|4\n|\n|t:|1775967973\n|teamsize|p1|4\n|teamsize|p2|4\n|start\n|switch|p1a: Maushold|Maushold, L50|100/100\n|switch|p1b: Altaria|Altaria, L50, M|100/100\n|switch|p2a: Meowstic|Meowstic, L50, M|100/100\n|switch|p2b: Hatterene|Hatterene, L50, F|100/100\n|-ability|p1b: Altaria|Cloud Nine\n|turn|1\n|\n|t:|1775967994\n|move|p2a: Meowstic|Nasty Plot|p2a: Meowstic\n|-boost|p2a: Meowstic|spa|2\n|move|p1a: Maushold|Population Bomb|p2a: Meowstic\n|-damage|p2a: Meowstic|93/100\n|-damage|p2a: Meowstic|86/100\n|-crit|p2a: Meowstic\n|-damage|p2a: Meowstic|76/100\n|-damage|p2a: Meowstic|68/100\n|-damage|p2a: Meowstic|62/100\n|-damage|p2a: Meowstic|55/100\n|-damage|p2a: Meowstic|47/100\n|-damage|p2a: Meowstic|40/100\n|-damage|p2a: Meowstic|33/100\n|-damage|p2a: Meowstic|26/100\n|-hitcount|p2a: Meowstic|10\n|move|p1b: Altaria|Dragon Claw|p2a: Meowstic\n|-damage|p2a: Meowstic|0 fnt\n|faint|p2a: Meowstic\n|move|p2b: Hatterene|Dazzling Gleam|p1a: Maushold|[spread] p1a,p1b\n|-supereffective|p1b: Altaria|1\n|-damage|p1a: Maushold|57/100\n|-damage|p1b: Altaria|50/100\n|\n|upkeep\n|inactive|Battle timer is ON: inactive players will automatically lose when time's up. (requested by radstads)\n|-message|PhillyBeatzU forfeited.\n|\n|win|radstads\n|raw|radstads's rating: 1030 &rarr; <strong>1065</strong><br />(+35 for winning)\n|raw|PhillyBeatzU's rating: 1029 &rarr; <strong>1015</strong><br />(-14 for losing)\n|l|\u2606PhillyBeatzU\n|player|p2|\n|c|\u2606radstads|i love your vids man\n",
  "uploadtime": 1775968074,
  "views": 11,
  "formatid": "gen9championsvgc2026regma",
  "rating": 1015,
  "private": 0,
  "password": null
}