{
  "id": "gen9championsvgc2026regma-2587593969",
  "format": "[Gen 9 Champions] VGC 2026 Reg M-A",
  "players": [
    "derpybaits",
    "JokER46777e"
  ],
  "log": "|j|\u2606derpybaits\n|j|\u2606JokER46777e\n|t:|1776545283\n|gametype|doubles\n|player|p1|derpybaits|170|1111\n|player|p2|JokER46777e|steven|1058\n|gen|9\n|tier|[Gen 9 Champions] VGC 2026 Reg M-A\n|rated|\n|rule|Species Clause: Limit one of each Pok\u00e9mon\n|rule|Item Clause: Limit 1 of each item\n|clearpoke\n|poke|p1|Blastoise, L50, M|\n|poke|p1|Pelipper, L50, F|\n|poke|p1|Sinistcha, L50|\n|poke|p1|Sableye, L50, M|\n|poke|p1|Garchomp, L50, F|\n|poke|p1|Kingambit, L50, M|\n|poke|p2|Floette-Eternal, L50, F|\n|poke|p2|Incineroar, L50, M|\n|poke|p2|Sneasler, L50, F|\n|poke|p2|Sinistcha, L50|\n|poke|p2|Corviknight, L50, F|\n|poke|p2|Garchomp, L50, F|\n|teampreview|4\nJokER46777e rejected open team sheets.\n|inactive|Battle timer is ON: inactive players will automatically lose when time's up. (requested by JokER46777e)\n|\n|t:|1776545328\n|teamsize|p1|4\n|teamsize|p2|4\n|start\n|switch|p1a: Blastoise|Blastoise, L50, M|100/100\n|switch|p1b: Sableye|Sableye, L50, M|100/100\n|switch|p2a: Floette|Floette-Eternal, L50, F|100/100\n|switch|p2b: Sneasler|Sneasler, L50, F|100/100\n|turn|1\n|inactive|JokER46777e has 30 seconds left.\n|\n|t:|1776545355\n|detailschange|p1a: Blastoise|Blastoise-Mega, L50, M\n|-mega|p1a: Blastoise|Blastoise|Blastoisinite\n|move|p1a: Blastoise|Protect|p1a: Blastoise\n|-singleturn|p1a: Blastoise|Protect\n|move|p2b: Sneasler|Fake Out|p1a: Blastoise\n|-activate|p1a: Blastoise|move: Protect\n|move|p1b: Sableye|Fake Out|p2a: Floette\n|-damage|p2a: Floette|93/100\n|cant|p2a: Floette|flinch\n|\n|upkeep\n|turn|2\n|\n|t:|1776545375\n|move|p2a: Floette|Protect|p2a: Floette\n|-singleturn|p2a: Floette|Protect\n|move|p1b: Sableye|Will-O-Wisp|p2b: Sneasler\n|-status|p2b: Sneasler|brn\n|move|p2b: Sneasler|Dire Claw|p1a: Blastoise\n|-damage|p1a: Blastoise|79/100\n|-status|p1a: Blastoise|psn|[from] ability: Poison Touch|[of] p2b: Sneasler\n|move|p1a: Blastoise|Shell Smash|p1a: Blastoise\n|-unboost|p1a: Blastoise|def|1\n|-unboost|p1a: Blastoise|spd|1\n|-boost|p1a: Blastoise|atk|2\n|-boost|p1a: Blastoise|spa|2\n|-boost|p1a: Blastoise|spe|2\n|\n|-damage|p1a: Blastoise|67/100 psn|[from] psn\n|-damage|p2b: Sneasler|95/100 brn|[from] brn\n|upkeep\n|turn|3\n|inactive|derpybaits has 30 seconds left.\n|inactive|derpybaits has 20 seconds left.\n|inactive|derpybaits has 15 seconds left.\n|inactive|derpybaits has 10 seconds left.\n|\n|t:|1776545421\n|detailschange|p2a: Floette|Floette-Mega, L50, F\n|-mega|p2a: Floette|Floette|Floettite\n|-ability|p2a: Floette|Fairy Aura\n|move|p1b: Sableye|Encore|p2a: Floette\n|-start|p2a: Floette|Encore\n|move|p2a: Floette|Protect||[still]\n|-fail|p2a: Floette\n|move|p1a: Blastoise|Water Spout|p2a: Floette|[spread] p2a,p2b\n|-damage|p2a: Floette|37/100\n|-damage|p2b: Sneasler|0 fnt\n|faint|p2b: Sneasler\n|\n|-damage|p1a: Blastoise|54/100 psn|[from] psn\n|upkeep\n|\n|t:|1776545427\n|switch|p2b: Sinistcha|Sinistcha, L50|100/100\n|-heal|p2a: Floette|62/100|[from] ability: Hospitality|[of] p2b: Sinistcha\n|turn|4\n|inactive|derpybaits has 30 seconds left.\n|\n|t:|1776545457\n|move|p2a: Floette|Protect|p2a: Floette\n|-singleturn|p2a: Floette|Protect\n|move|p1b: Sableye|Will-O-Wisp|p2b: Sinistcha|[miss]\n|-miss|p1b: Sableye|p2b: Sinistcha\n|move|p1a: Blastoise|Ice Beam|p2b: Sinistcha\n|-supereffective|p2b: Sinistcha|1\n|-crit|p2b: Sinistcha\n|-damage|p2b: Sinistcha|0 fnt\n|faint|p2b: Sinistcha\n|\n|-damage|p1a: Blastoise|42/100 psn|[from] psn\n|upkeep\n|-message|JokER46777e forfeited.\n|\n|win|derpybaits\n|raw|derpybaits's rating: 1111 &rarr; <strong>1132</strong><br />(+21 for winning)\n|raw|JokER46777e's rating: 1058 &rarr; <strong>1042</strong><br />(-16 for losing)\n|l|\u2606JokER46777e\n|player|p2|\n",
  "uploadtime": 1776545495,
  "views": 13,
  "formatid": "gen9championsvgc2026regma",
  "rating": 1042,
  "private": 0,
  "password": null
}