{
  "id": "gen9championsvgc2026regma-2587106979",
  "format": "[Gen 9 Champions] VGC 2026 Reg M-A",
  "players": [
    "antbadmon",
    "freeeeeeeeewewew"
  ],
  "log": "|j|\u2606antbadmon\n|j|\u2606freeeeeeeeewewew\n|t:|1776494339\n|gametype|doubles\n|player|p1|antbadmon|169|1000\n|player|p2|freeeeeeeeewewew|102|1048\n|gen|9\n|tier|[Gen 9 Champions] VGC 2026 Reg M-A\n|rated|\n|rule|Species Clause: Limit one of each Pok\u00e9mon\n|rule|Item Clause: Limit 1 of each item\n|clearpoke\n|poke|p1|Pelipper, L50, M|\n|poke|p1|Basculegion, L50, M|\n|poke|p1|Archaludon, L50, F|\n|poke|p1|Aegislash, L50, F|\n|poke|p1|Dragonite, L50, F|\n|poke|p1|Meowscarada, L50, F|\n|poke|p2|Rotom-Heat, L50|\n|poke|p2|Garchomp, L50, M|\n|poke|p2|Farigiraf, L50, M|\n|poke|p2|Incineroar, L50, F|\n|poke|p2|Rhyperior, L50, M|\n|poke|p2|Whimsicott, L50, F|\n|teampreview|4\n|inactive|Battle timer is ON: inactive players will automatically lose when time's up. (requested by antbadmon)\nantbadmon rejected open team sheets.\n|inactive|antbadmon has 60 seconds left.\n|\n|t:|1776494378\n|teamsize|p1|4\n|teamsize|p2|4\n|start\n|switch|p1a: Pelipper|Pelipper, L50, M|100/100\n|switch|p1b: Dragonite|Dragonite, L50, F|100/100\n|switch|p2a: Farigiraf|Farigiraf, L50, M|100/100\n|switch|p2b: Incineroar|Incineroar, L50, F|100/100\n|-weather|RainDance|[from] ability: Drizzle|[of] p1a: Pelipper\n|-ability|p2b: Incineroar|Intimidate|boost\n|-unboost|p1a: Pelipper|atk|1\n|-unboost|p1b: Dragonite|atk|1\n|turn|1\n|inactive|freeeeeeeeewewew has 30 seconds left.\n|\n|t:|1776494411\n|detailschange|p1b: Dragonite|Dragonite-Mega, L50, F\n|-mega|p1b: Dragonite|Dragonite|Dragoninite\n|move|p1b: Dragonite|Protect|p1b: Dragonite\n|-singleturn|p1b: Dragonite|Protect\n|move|p2b: Incineroar|Fake Out|p1b: Dragonite\n|-activate|p1b: Dragonite|move: Protect\n|move|p1a: Pelipper|Hurricane|p2a: Farigiraf\n|-damage|p2a: Farigiraf|44/100\n|-start|p2a: Farigiraf|confusion\n|-activate|p2a: Farigiraf|confusion\n|move|p2a: Farigiraf|Trick Room|p2a: Farigiraf\n|-fieldstart|move: Trick Room|[of] p2a: Farigiraf\n|\n|-weather|RainDance|[upkeep]\n|upkeep\n|turn|2\n|\n|t:|1776494433\n|move|p2b: Incineroar|Parting Shot|p1a: Pelipper\n|-unboost|p1a: Pelipper|atk|1\n|-unboost|p1a: Pelipper|spa|1\n|\n|t:|1776494438\n|switch|p2b: Rhyperior|Rhyperior, L50, M|100/100|[from] Parting Shot\n|-end|p2a: Farigiraf|confusion\n|move|p2a: Farigiraf|Reflect|p2a: Farigiraf\n|-sidestart|p2: freeeeeeeeewewew|Reflect\n|move|p1a: Pelipper|Weather Ball|p2b: Rhyperior\n|-supereffective|p2b: Rhyperior|2\n|-damage|p2b: Rhyperior|0 fnt\n|faint|p2b: Rhyperior\n|move|p1b: Dragonite|Hurricane|p2a: Farigiraf\n|-damage|p2a: Farigiraf|0 fnt\n|faint|p2a: Farigiraf\n|\n|-weather|RainDance|[upkeep]\n|upkeep\n|-message|freeeeeeeeewewew forfeited.\n|\n|win|antbadmon\n|raw|antbadmon's rating: 1000 &rarr; <strong>1045</strong><br />(+45 for winning)\n|raw|freeeeeeeeewewew's rating: 1048 &rarr; <strong>1028</strong><br />(-20 for losing)\n|l|\u2606freeeeeeeeewewew\n|player|p2|\n",
  "uploadtime": 1776494453,
  "views": 12,
  "formatid": "gen9championsvgc2026regma",
  "rating": 1028,
  "private": 0,
  "password": null
}