{
  "id": "gen9championsvgc2026regma-2584308683",
  "format": "[Gen 9 Champions] VGC 2026 Reg M-A",
  "players": [
    "Javiam",
    "Mameon"
  ],
  "log": "|j|\u2606Javiam\n|j|\u2606Mameon\n|t:|1776249684\n|gametype|doubles\n|player|p1|Javiam|2|1245\n|player|p2|Mameon|1|1152\n|gen|9\n|tier|[Gen 9 Champions] VGC 2026 Reg M-A\n|rated|\n|rule|Species Clause: Limit one of each Pok\u00e9mon\n|rule|Item Clause: Limit 1 of each item\n|clearpoke\n|poke|p1|Starmie, L50|\n|poke|p1|Dragonite, L50, F|\n|poke|p1|Pelipper, L50, F|\n|poke|p1|Sinistcha-Masterpiece, L50|\n|poke|p1|Kingambit, L50, F|\n|poke|p1|Archaludon, L50, F|\n|poke|p2|Charizard, L50, F|\n|poke|p2|Kingambit, L50, M|\n|poke|p2|Incineroar, L50, F|\n|poke|p2|Aerodactyl, L50, F|\n|poke|p2|Floette-Eternal, L50, F|\n|poke|p2|Sneasler, L50, M|\n|teampreview|4\n|inactive|Battle timer is ON: inactive players will automatically lose when time's up. (requested by Javiam)\n|\n|t:|1776249714\n|teamsize|p1|4\n|teamsize|p2|4\n|start\n|switch|p1a: Kingambit|Kingambit, L50, F|100/100\n|switch|p1b: Starmie|Starmie, L50|100/100\n|switch|p2a: Aerodactyl|Aerodactyl, L50, F|100/100\n|switch|p2b: Sneasler|Sneasler, L50, M|100/100\n|-ability|p2a: Aerodactyl|Unnerve\n|turn|1\n|inactive|Javiam has 30 seconds left.\n|inactive|Javiam has 20 seconds left.\n|\n|t:|1776249751\n|detailschange|p1b: Starmie|Starmie-Mega, L50\n|-mega|p1b: Starmie|Starmie|Starminite\n|move|p1a: Kingambit|Protect|p1a: Kingambit\n|-singleturn|p1a: Kingambit|Protect\n|move|p2a: Aerodactyl|Rock Slide|p1b: Starmie|[spread] p1b\n|-activate|p1a: Kingambit|move: Protect\n|-damage|p1b: Starmie|71/100\n|cant|p1b: Starmie|flinch\n|move|p2b: Sneasler|Close Combat|p1a: Kingambit\n|-activate|p1a: Kingambit|move: Protect\n|\n|upkeep\n|turn|2\n|\n|t:|1776249770\n|switch|p1a: Pelipper|Pelipper, L50, F|100/100\n|-weather|RainDance|[from] ability: Drizzle|[of] p1a: Pelipper\n|move|p2a: Aerodactyl|Rock Slide|p1a: Pelipper|[spread] p1a,p1b\n|-supereffective|p1a: Pelipper|1\n|-damage|p1a: Pelipper|38/100\n|-damage|p1b: Starmie|41/100\n|move|p2b: Sneasler|Close Combat|p1a: Pelipper\n|-resisted|p1a: Pelipper|1\n|-damage|p1a: Pelipper|0 fnt\n|-unboost|p2b: Sneasler|def|1\n|-unboost|p2b: Sneasler|spd|1\n|faint|p1a: Pelipper\n|-enditem|p2b: Sneasler|White Herb\n|-clearnegativeboost|p2b: Sneasler|[silent]\n|move|p1b: Starmie|Psycho Cut|p2b: Sneasler\n|-supereffective|p2b: Sneasler|2\n|-damage|p2b: Sneasler|0 fnt\n|faint|p2b: Sneasler\n|\n|-weather|RainDance|[upkeep]\n|upkeep\n|\n|t:|1776249795\n|switch|p2b: Charizard|Charizard, L50, F|100/100\n|switch|p1a: Kingambit|Kingambit, L50, F|100/100\n|turn|3\n|\n|t:|1776249804\n|detailschange|p2b: Charizard|Charizard-Mega-Y, L50, F\n|-mega|p2b: Charizard|Charizard|Charizardite Y\n|-weather|SunnyDay|[from] ability: Drought|[of] p2b: Charizard\n|move|p1b: Starmie|Aqua Jet|p2a: Aerodactyl\n|-supereffective|p2a: Aerodactyl|1\n|-damage|p2a: Aerodactyl|42/100\n|move|p1a: Kingambit|Sucker Punch||[still]\n|-fail|p1a: Kingambit\n|move|p2a: Aerodactyl|Tailwind|p2a: Aerodactyl\n|-sidestart|p2: Mameon|move: Tailwind\n|move|p2b: Charizard|Heat Wave|p1b: Starmie|[spread] p1a\n|-miss|p2b: Charizard|p1b: Starmie\n|-supereffective|p1a: Kingambit|1\n|-damage|p1a: Kingambit|0 fnt\n|faint|p1a: Kingambit\n|\n|-weather|SunnyDay|[upkeep]\n|upkeep\n|-message|Javiam forfeited.\n|\n|win|Mameon\n|raw|Javiam's rating: 1245 &rarr; <strong>1213</strong><br />(-32 for losing)\n|raw|Mameon's rating: 1152 &rarr; <strong>1184</strong><br />(+32 for winning)\n|l|\u2606Javiam\n|player|p1|\n",
  "uploadtime": 1776249822,
  "views": 38,
  "formatid": "gen9championsvgc2026regma",
  "rating": 1184,
  "private": 0,
  "password": null
}