{
  "id": "gen9championsvgc2026regma-2583819205",
  "format": "[Gen 9 Champions] VGC 2026 Reg M-A",
  "players": [
    "raijinkamikaze",
    "thattube"
  ],
  "log": "|j|\u2606raijinkamikaze\n|j|\u2606thattube\n|t:|1776200165\n|gametype|doubles\n|player|p1|raijinkamikaze|2|1042\n|player|p2|thattube|bellelba|1124\n|gen|9\n|tier|[Gen 9 Champions] VGC 2026 Reg M-A\n|rated|\n|rule|Species Clause: Limit one of each Pok\u00e9mon\n|rule|Item Clause: Limit 1 of each item\n|clearpoke\n|poke|p1|Aggron, L50, M|\n|poke|p1|Farigiraf, L50, F|\n|poke|p1|Golurk, L50|\n|poke|p1|Incineroar, L50, F|\n|poke|p1|Tyranitar, L50, F|\n|poke|p1|Sinistcha, L50|\n|poke|p2|Tyranitar, L50, F|\n|poke|p2|Milotic, L50, F|\n|poke|p2|Tinkaton, L50, F|\n|poke|p2|Aerodactyl, L50, M|\n|poke|p2|Excadrill, L50, F|\n|poke|p2|Hydreigon, L50, M|\n|teampreview|4\n|inactive|Battle timer is ON: inactive players will automatically lose when time's up. (requested by raijinkamikaze)\n|\n|t:|1776200194\n|teamsize|p1|4\n|teamsize|p2|4\n|start\n|switch|p1a: Aggron|Aggron, L50, M, shiny|100/100\n|switch|p1b: Farigiraf|Farigiraf, L50, F|100/100\n|switch|p2a: Milotic|Milotic, L50, F|100/100\n|switch|p2b: Aerodactyl|Aerodactyl, L50, M|100/100\n|-ability|p2b: Aerodactyl|Unnerve\n|turn|1\n|\n|t:|1776200210\n|detailschange|p1a: Aggron|Aggron-Mega, L50, M, shiny\n|-mega|p1a: Aggron|Aggron|Aggronite\n|move|p2b: Aerodactyl|Rock Slide|p1a: Aggron|[spread] p1a,p1b\n|-resisted|p1a: Aggron|1\n|-damage|p1a: Aggron|94/100\n|-damage|p1b: Farigiraf|73/100\n|move|p2a: Milotic|Scald|p1a: Aggron\n|-damage|p1a: Aggron|27/100\n|move|p1a: Aggron|Iron Defense|p1a: Aggron\n|-boost|p1a: Aggron|def|2\n|cant|p1b: Farigiraf|flinch\n|\n|upkeep\n|turn|2\n|\n|t:|1776200231\n|move|p2b: Aerodactyl|Rock Slide|p1a: Aggron|[spread] p1b\n|-miss|p2b: Aerodactyl|p1a: Aggron\n|-damage|p1b: Farigiraf|46/100\n|move|p2a: Milotic|Scald|p1a: Aggron\n|-damage|p1a: Aggron|0 fnt\n|faint|p1a: Aggron\n|move|p1b: Farigiraf|Trick Room|p1b: Farigiraf\n|-fieldstart|move: Trick Room|[of] p1b: Farigiraf\n|\n|upkeep\n|\n|t:|1776200241\n|switch|p1a: Tyranitar|Tyranitar, L50, F|100/100\n|-weather|Sandstorm|[from] ability: Sand Stream|[of] p1a: Tyranitar\n|turn|3\n|-message|raijinkamikaze forfeited.\n|\n|win|thattube\n|raw|raijinkamikaze's rating: 1042 &rarr; <strong>1029</strong><br />(-13 for losing)\n|raw|thattube's rating: 1124 &rarr; <strong>1143</strong><br />(+19 for winning)\n|l|\u2606raijinkamikaze\n|player|p1|\n",
  "uploadtime": 1776200249,
  "views": 17,
  "formatid": "gen9championsvgc2026regma",
  "rating": 1029,
  "private": 0,
  "password": null
}