{
  "id": "gen9championsvgc2026regma-2581269106",
  "format": "[Gen 9 Champions] VGC 2026 Reg M-A",
  "players": [
    "imperialdave1",
    "niksy2006"
  ],
  "log": "|j|\u2606imperialdave1\n|j|\u2606niksy2006\n|t:|1775979002\n|gametype|doubles\n|player|p1|imperialdave1|170|1139\n|player|p2|niksy2006|170|1134\n|gen|9\n|tier|[Gen 9 Champions] VGC 2026 Reg M-A\n|rated|\n|rule|Species Clause: Limit one of each Pok\u00e9mon\n|rule|Item Clause: Limit 1 of each item\n|clearpoke\n|poke|p1|Scovillain, L50, M|\n|poke|p1|Zoroark-Hisui, L50, F|\n|poke|p1|Sinistcha, L50|\n|poke|p1|Incineroar, L50, M|\n|poke|p1|Kleavor, L50, F|\n|poke|p1|Sneasler, L50, M|\n|poke|p2|Froslass, L50, F|\n|poke|p2|Incineroar, L50, F|\n|poke|p2|Orthworm, L50, M|\n|poke|p2|Garchomp, L50, M|\n|poke|p2|Basculegion, L50, M|\n|poke|p2|Rotom-Frost, L50|\n|teampreview|4\n|c|\u2606niksy2006|Oh hi!\n|c|\u2606niksy2006|Rematch!\n|inactive|Battle timer is ON: inactive players will automatically lose when time's up. (requested by imperialdave1)\n|c|\u2606imperialdave1|Yeah\n|c|\u2606imperialdave1|Hf\n|\n|t:|1775979049\n|teamsize|p1|4\n|teamsize|p2|4\n|start\n|switch|p1a: Scovillain|Scovillain, L50, M|100/100\n|switch|p1b: Sneasler|Sneasler, L50, M|100/100\n|switch|p2a: Worm?|Orthworm, L50, M|100/100\n|switch|p2b: Job security|Incineroar, L50, F|100/100\n|-ability|p2b: Job security|Intimidate|boost\n|-unboost|p1a: Scovillain|atk|1\n|-unboost|p1b: Sneasler|atk|1\n|-enditem|p1b: Sneasler|White Herb\n|-clearnegativeboost|p1b: Sneasler|[silent]\n|turn|1\n|l|\u2606imperialdave1\n|inactive|imperialdave1 disconnected and has a minute to reconnect!\n|player|p1|\n|j|\u2606imperialdave1\n|inactive|imperialdave1 reconnected and has 35 seconds left.\n|player|p1|imperialdave1|170|\n|inactive|imperialdave1 has 30 seconds left.\n|inactive|niksy2006 has 30 seconds left.\n|\n|t:|1775979080\n|move|p1b: Sneasler|Fake Out|p2b: Job security\n|-damage|p2b: Job security|89/100\n|move|p1a: Scovillain|Flamethrower|p2a: Worm?\n|-supereffective|p2a: Worm?|1\n|-damage|p2a: Worm?|1/100\n|-enditem|p2a: Worm?|Sitrus Berry|[eat]\n|-heal|p2a: Worm?|26/100|[from] item: Sitrus Berry\n|cant|p2b: Job security|flinch\n|move|p2a: Worm?|Shed Tail|p2a: Worm?\n|-fail|p2a: Worm?|move: Shed Tail|[weak]\n|\n|-ability|p1a: Scovillain|Moody|boost\n|-boost|p1a: Scovillain|spd|2\n|-unboost|p1a: Scovillain|atk|1\n|upkeep\n|turn|2\n|inactive|niksy2006 has 30 seconds left.\n|inactive|niksy2006 has 20 seconds left.\n|\n|t:|1775979115\n|switch|p2a: Mr hands|Garchomp, L50, M|100/100\n|detailschange|p1a: Scovillain|Scovillain-Mega, L50, M\n|-mega|p1a: Scovillain|Scovillain|Scovillainite\n|move|p1b: Sneasler|Close Combat|p2b: Job security\n|-supereffective|p2b: Job security|1\n|-damage|p2b: Job security|0 fnt\n|-unboost|p1b: Sneasler|def|1\n|-unboost|p1b: Sneasler|spd|1\n|faint|p2b: Job security\n|move|p1a: Scovillain|Flamethrower|p2a: Mr hands\n|-resisted|p2a: Mr hands|1\n|-damage|p2a: Mr hands|77/100\n|\n|upkeep\n|\n|t:|1775979128\n|switch|p2b: Worm?|Orthworm, L50, M|26/100\n|turn|3\n|\n|t:|1775979150\n|move|p1b: Sneasler|Close Combat|p2b: Worm?\n|-supereffective|p2b: Worm?|1\n|-damage|p2b: Worm?|0 fnt\n|-unboost|p1b: Sneasler|def|1\n|-unboost|p1b: Sneasler|spd|1\n|faint|p2b: Worm?\n|move|p2a: Mr hands|Earthquake|p1b: Sneasler|[spread] p1a,p1b\n|-supereffective|p1b: Sneasler|1\n|-damage|p1a: Scovillain|51/100\n|-damage|p1b: Sneasler|0 fnt\n|-status|p2a: Mr hands|brn|[from] ability: Spicy Spray|[of] p1a: Scovillain\n|faint|p1b: Sneasler\n|move|p1a: Scovillain|Giga Drain|p2a: Mr hands\n|-crit|p2a: Mr hands\n|-damage|p2a: Mr hands|19/100 brn\n|-heal|p1a: Scovillain|82/100|[from] drain|[of] p2a: Mr hands\n|\n|-damage|p2a: Mr hands|13/100 brn|[from] brn\n|upkeep\n|\n|t:|1775979165\n|switch|p1b: Kleavor|Kleavor, L50, F|100/100\n|switch|p2b: Steve Austin|Rotom-Frost, L50|100/100\n|turn|4\n|\n|t:|1775979177\n|move|p1b: Kleavor|Stone Axe|p2b: Steve Austin\n|-supereffective|p2b: Steve Austin|1\n|-damage|p2b: Steve Austin|0 fnt\n|-sidestart|p2: niksy2006|move: Stealth Rock\n|faint|p2b: Steve Austin\n|move|p2a: Mr hands|Earthquake|p1b: Kleavor|[spread] p1a,p1b\n|-damage|p1a: Scovillain|57/100\n|-damage|p1b: Kleavor|69/100\n|move|p1a: Scovillain|Giga Drain|p2a: Mr hands\n|-damage|p2a: Mr hands|0 fnt\n|-heal|p1a: Scovillain|64/100|[from] drain|[of] p2a: Mr hands\n|faint|p2a: Mr hands\n|\n|win|imperialdave1\n|raw|imperialdave1's rating: 1139 &rarr; <strong>1164</strong><br />(+25 for winning)\n|raw|niksy2006's rating: 1134 &rarr; <strong>1109</strong><br />(-25 for losing)\n|c|\u2606imperialdave1|Gg\n|c|\u2606niksy2006|GGWP\n|l|\u2606niksy2006\n|player|p2|\n",
  "uploadtime": 1775979198,
  "views": 14,
  "formatid": "gen9championsvgc2026regma",
  "rating": 1109,
  "private": 0,
  "password": null
}