{
  "id": "gen9championsvgc2026regma-2582205630",
  "format": "[Gen 9 Champions] VGC 2026 Reg M-A",
  "players": [
    "plaweh",
    "papatommy"
  ],
  "log": "|j|\u2606plaweh\n|j|\u2606papatommy\n|t:|1776071130\n|gametype|doubles\n|player|p1|plaweh|170|1039\n|player|p2|papatommy|li|1100\n|gen|9\n|tier|[Gen 9 Champions] VGC 2026 Reg M-A\n|rated|\n|rule|Species Clause: Limit one of each Pok\u00e9mon\n|rule|Item Clause: Limit 1 of each item\n|clearpoke\n|poke|p1|Basculegion, L50, M|\n|poke|p1|Pelipper, L50, F|\n|poke|p1|Archaludon, L50, F|\n|poke|p1|Incineroar, L50, M|\n|poke|p1|Venusaur, L50, M|\n|poke|p1|Farigiraf, L50, M|\n|poke|p2|Blastoise, L50, M|\n|poke|p2|Talonflame, L50, F|\n|poke|p2|Garchomp, L50, M|\n|poke|p2|Sinistcha, L50|\n|poke|p2|Kingambit, L50, M|\n|poke|p2|Sylveon, L50, F|\n|teampreview|4\n|inactive|Battle timer is ON: inactive players will automatically lose when time's up. (requested by papatommy)\n|inactive|papatommy has 60 seconds left.\n|inactive|plaweh has 60 seconds left.\n|inactive|papatommy has 30 seconds left.\n|\n|t:|1776071199\n|teamsize|p1|4\n|teamsize|p2|4\n|start\n|switch|p1a: Archaludon|Archaludon, L50, F|100/100\n|switch|p1b: Farigiraf|Farigiraf, L50, M|100/100\n|switch|p2a: Talonflame|Talonflame, L50, F|100/100\n|switch|p2b: Blastoise|Blastoise, L50, M|100/100\n|turn|1\n|inactive|plaweh has 30 seconds left.\n|\n|t:|1776071227\n|switch|p1b: Pelipper|Pelipper, L50, F|100/100\n|-weather|RainDance|[from] ability: Drizzle|[of] p1b: Pelipper\n|detailschange|p2b: Blastoise|Blastoise-Mega, L50, M\n|-mega|p2b: Blastoise|Blastoise|Blastoisinite\n|move|p2a: Talonflame|Rain Dance||[still]\n|-fail|p2a: Talonflame\n|move|p2b: Blastoise|Water Spout|p1a: Archaludon|[spread] p1a,p1b\n|-resisted|p1a: Archaludon|1\n|-resisted|p1b: Pelipper|1\n|-damage|p1a: Archaludon|40/100\n|-damage|p1b: Pelipper|32/100\n|-ability|p1a: Archaludon|Stamina|boost\n|-boost|p1a: Archaludon|def|1\n|move|p1a: Archaludon|Electro Shot||[still]\n|-prepare|p1a: Archaludon|Electro Shot\n|-boost|p1a: Archaludon|spa|1\n|-anim|p1a: Archaludon|Electro Shot|p2b: Blastoise\n|-supereffective|p2b: Blastoise|1\n|-damage|p2b: Blastoise|0 fnt\n|faint|p2b: Blastoise\n|\n|-weather|RainDance|[upkeep]\n|upkeep\n|\n|t:|1776071243\n|switch|p2b: Sylveon|Sylveon, L50, F|100/100\n|turn|2\n|inactive|plaweh has 30 seconds left.\n|inactive|plaweh has 20 seconds left.\n|\n|t:|1776071279\n|move|p2a: Talonflame|Tailwind|p2a: Talonflame\n|-sidestart|p2: papatommy|move: Tailwind\n|move|p2b: Sylveon|Hyper Voice|p1a: Archaludon|[spread] p1a,p1b\n|-resisted|p1a: Archaludon|1\n|-damage|p1a: Archaludon|26/100\n|-damage|p1b: Pelipper|2/100\n|-ability|p1a: Archaludon|Stamina|boost\n|-boost|p1a: Archaludon|def|1\n|move|p1b: Pelipper|Tailwind|p1b: Pelipper\n|-sidestart|p1: plaweh|move: Tailwind\n|move|p1a: Archaludon|Flash Cannon|p2b: Sylveon\n|-supereffective|p2b: Sylveon|1\n|-damage|p2b: Sylveon|0 fnt\n|faint|p2b: Sylveon\n|\n|-weather|RainDance|[upkeep]\n|upkeep\n|\n|t:|1776071286\n|switch|p2b: Kingambit|Kingambit, L50, M|100/100\n|turn|3\n|inactive|plaweh has 30 seconds left.\n|\n|t:|1776071312\n|move|p2a: Talonflame|Dual Wingbeat|p1b: Pelipper\n|-damage|p1b: Pelipper|0 fnt\n|faint|p1b: Pelipper\n|-hitcount|p1: Pelipper|1\n|move|p1a: Archaludon|Electro Shot||[still]\n|-prepare|p1a: Archaludon|Electro Shot\n|-boost|p1a: Archaludon|spa|1\n|-anim|p1a: Archaludon|Electro Shot|p2a: Talonflame\n|-supereffective|p2a: Talonflame|1\n|-crit|p2a: Talonflame\n|-damage|p2a: Talonflame|0 fnt\n|faint|p2a: Talonflame\n|move|p2b: Kingambit|Kowtow Cleave|p1a: Archaludon\n|-damage|p1a: Archaludon|8/100\n|-ability|p1a: Archaludon|Stamina|boost\n|-boost|p1a: Archaludon|def|1\n|\n|-weather|RainDance|[upkeep]\n|upkeep\n|-message|papatommy forfeited.\n|\n|win|plaweh\n|raw|plaweh's rating: 1039 &rarr; <strong>1079</strong><br />(+40 for winning)\n|raw|papatommy's rating: 1100 &rarr; <strong>1071</strong><br />(-29 for losing)\n|l|\u2606papatommy\n|player|p2|\n",
  "uploadtime": 1776071328,
  "views": 9,
  "formatid": "gen9championsvgc2026regma",
  "rating": 1071,
  "private": 0,
  "password": null
}