{
  "id": "gen9championsvgc2026regma-2585391506",
  "format": "[Gen 9 Champions] VGC 2026 Reg M-A",
  "players": [
    "tauro96",
    "Munchlaxxxed"
  ],
  "log": "|j|\u203dtauro96\n|j|\u2606Munchlaxxxed\n|t:|1776343830\n|gametype|doubles\n|player|p1|tauro96|unknown|1260\n|player|p2|Munchlaxxxed|265|1281\n|gen|9\n|tier|[Gen 9 Champions] VGC 2026 Reg M-A\n|rated|\n|rule|Species Clause: Limit one of each Pok\u00e9mon\n|rule|Item Clause: Limit 1 of each item\n|clearpoke\n|poke|p1|Palafin, L50, F|\n|poke|p1|Incineroar, L50, F|\n|poke|p1|Kommo-o, L50, F|\n|poke|p1|Sinistcha, L50|\n|poke|p1|Gengar, L50, M|\n|poke|p1|Politoed, L50, M|\n|poke|p2|Aerodactyl, L50, F|\n|poke|p2|Charizard, L50, M|\n|poke|p2|Venusaur, L50, M|\n|poke|p2|Aegislash, L50, F|\n|poke|p2|Sneasler, L50, M|\n|poke|p2|Milotic, L50, F|\n|teampreview|4\n|inactive|Battle timer is ON: inactive players will automatically lose when time's up. (requested by tauro96)\n|inactive|tauro96 has 60 seconds left.\n|\n|t:|1776343867\n|teamsize|p1|4\n|teamsize|p2|4\n|start\n|switch|p1a: Gengar|Gengar, L50, M|100/100\n|switch|p1b: Kommo-o|Kommo-o, L50, F|100/100\n|switch|p2a: Aegislash|Aegislash, L50, F|100/100\n|switch|p2b: Sneasler|Sneasler, L50, M|100/100\n|turn|1\n|\n|t:|1776343885\n|detailschange|p1a: Gengar|Gengar-Mega, L50, M\n|-mega|p1a: Gengar|Gengar|Gengarite\n|move|p1a: Gengar|Protect|p1a: Gengar\n|-singleturn|p1a: Gengar|Protect\n|move|p2b: Sneasler|Close Combat|p1b: Kommo-o\n|-damage|p1b: Kommo-o|41/100\n|-unboost|p2b: Sneasler|def|1\n|-unboost|p2b: Sneasler|spd|1\n|-enditem|p2b: Sneasler|White Herb\n|-clearnegativeboost|p2b: Sneasler|[silent]\n|move|p1b: Kommo-o|Clangorous Soul|p1b: Kommo-o\n|-boost|p1b: Kommo-o|atk|1\n|-boost|p1b: Kommo-o|def|1\n|-boost|p1b: Kommo-o|spa|1\n|-boost|p1b: Kommo-o|spd|1\n|-boost|p1b: Kommo-o|spe|1\n|-damage|p1b: Kommo-o|8/100\n|-formechange|p2a: Aegislash|Aegislash-Blade|\n|move|p2a: Aegislash|Poltergeist|p1b: Kommo-o\n|-activate|p1b: Kommo-o|move: Poltergeist|Leftovers\n|-damage|p1b: Kommo-o|0 fnt\n|faint|p1b: Kommo-o\n|\n|upkeep\n|\n|t:|1776343907\n|switch|p1b: Politoed|Politoed, L50, M|100/100\n|-weather|RainDance|[from] ability: Drizzle|[of] p1b: Politoed\n|turn|2\n|inactive|Munchlaxxxed has 30 seconds left.\n|\n|t:|1776343945\n|move|p2b: Sneasler|Close Combat|p1b: Politoed\n|-damage|p1b: Politoed|38/100\n|-unboost|p2b: Sneasler|def|1\n|-unboost|p2b: Sneasler|spd|1\n|-enditem|p1b: Politoed|Sitrus Berry|[eat]\n|-heal|p1b: Politoed|62/100|[from] item: Sitrus Berry\n|move|p1a: Gengar|Shadow Ball|p2b: Sneasler\n|-damage|p2b: Sneasler|4/100\n|move|p2a: Aegislash|Poltergeist|p1a: Gengar\n|-activate|p1a: Gengar|move: Poltergeist|Gengarite\n|-supereffective|p1a: Gengar|1\n|-damage|p1a: Gengar|0 fnt\n|faint|p1a: Gengar\n|move|p1b: Politoed|Weather Ball|p2a: Aegislash\n|-damage|p2a: Aegislash|9/100\n|\n|-weather|RainDance|[upkeep]\n|upkeep\n|-message|tauro96 forfeited.\n|\n|win|Munchlaxxxed\n|raw|tauro96's rating: 1260 &rarr; <strong>1237</strong><br />(-23 for losing)\n|raw|Munchlaxxxed's rating: 1281 &rarr; <strong>1304</strong><br />(+23 for winning)\n|l|\u203dtauro96\n|player|p1|\n",
  "uploadtime": 1776343959,
  "views": 42,
  "formatid": "gen9championsvgc2026regma",
  "rating": 1237,
  "private": 0,
  "password": null
}