{
  "id": "gen9championsvgc2026regma-2584002184",
  "format": "[Gen 9 Champions] VGC 2026 Reg M-A",
  "players": [
    "EXSA",
    "Flatbread42"
  ],
  "log": "|j|\u2606EXSA\n|j|\u2606Flatbread42\n|t:|1776215750\n|gametype|doubles\n|player|p1|EXSA|1|1225\n|player|p2|Flatbread42|265|1192\n|gen|9\n|tier|[Gen 9 Champions] VGC 2026 Reg M-A\n|rated|\n|rule|Species Clause: Limit one of each Pok\u00e9mon\n|rule|Item Clause: Limit 1 of each item\n|clearpoke\n|poke|p1|Charizard, L50, F|\n|poke|p1|Incineroar, L50, M|\n|poke|p1|Maushold-Four, L50|\n|poke|p1|Hawlucha, L50, F|\n|poke|p1|Garchomp, L50, F|\n|poke|p1|Whimsicott, L50, M|\n|poke|p2|Tyranitar, L50, F|\n|poke|p2|Kingambit, L50, F|\n|poke|p2|Garchomp, L50, F|\n|poke|p2|Meganium, L50, M|\n|poke|p2|Incineroar, L50, F|\n|poke|p2|Glimmora, L50, F|\n|teampreview|4\n|inactive|Battle timer is ON: inactive players will automatically lose when time's up. (requested by Flatbread42)\n|inactive|Flatbread42 has 60 seconds left.\n|\n|t:|1776215792\n|teamsize|p1|4\n|teamsize|p2|4\n|start\n|switch|p1a: Garchomp|Garchomp, L50, F|100/100\n|switch|p1b: Hawlucha|Hawlucha, L50, F|100/100\n|switch|p2a: Glimmora|Glimmora, L50, F|100/100\n|switch|p2b: Tyranitar|Tyranitar, L50, F|100/100\n|-weather|Sandstorm|[from] ability: Sand Stream|[of] p2b: Tyranitar\n|turn|1\n|\n|t:|1776215804\n|switch|p2b: Incineroar|Incineroar, L50, F|100/100\n|-ability|p2b: Incineroar|Intimidate|boost\n|-unboost|p1a: Garchomp|atk|1\n|-unboost|p1b: Hawlucha|atk|1\n|-enditem|p1b: Hawlucha|White Herb\n|-clearnegativeboost|p1b: Hawlucha|[silent]\n|move|p2a: Glimmora|Spiky Shield|p2a: Glimmora\n|-singleturn|p2a: Glimmora|move: Protect\n|move|p1b: Hawlucha|Feint|p2a: Glimmora\n|-activate|p2a: Glimmora|move: Feint\n|-resisted|p2a: Glimmora|1\n|-damage|p2a: Glimmora|95/100\n|-activate|p2a: Glimmora|ability: Toxic Debris\n|-sidestart|p1: EXSA|move: Toxic Spikes\n|move|p1a: Garchomp|Earthquake|p2a: Glimmora|[spread] p2a,p2b\n|-immune|p1b: Hawlucha\n|-supereffective|p2a: Glimmora|2\n|-supereffective|p2b: Incineroar|1\n|-damage|p2a: Glimmora|0 fnt\n|-damage|p2b: Incineroar|56/100\n|-activate|p2a: Glimmora|ability: Toxic Debris\n|-sidestart|p1: EXSA|move: Toxic Spikes\n|faint|p2a: Glimmora\n|\n|-weather|Sandstorm|[upkeep]\n|-damage|p1b: Hawlucha|95/100|[from] Sandstorm\n|-damage|p2b: Incineroar|50/100|[from] Sandstorm\n|-enditem|p2b: Incineroar|Sitrus Berry|[eat]\n|-heal|p2b: Incineroar|75/100|[from] item: Sitrus Berry\n|upkeep\n|\n|t:|1776215819\n|switch|p2a: Garchomp|Garchomp, L50, F|100/100\n|turn|2\n|\n|t:|1776215824\n|move|p1b: Hawlucha|Upper Hand|p2b: Incineroar\n|-supereffective|p2b: Incineroar|1\n|-damage|p2b: Incineroar|35/100\n|cant|p2b: Incineroar|flinch\n|move|p1a: Garchomp|Earthquake|p2a: Garchomp|[spread] p2a,p2b\n|-immune|p1b: Hawlucha\n|-supereffective|p2b: Incineroar|1\n|-damage|p2a: Garchomp|71/100\n|-damage|p2b: Incineroar|0 fnt\n|faint|p2b: Incineroar\n|move|p2a: Garchomp|Dragon Claw|p1b: Hawlucha\n|-damage|p1b: Hawlucha|32/100\n|\n|-weather|Sandstorm|[upkeep]\n|-damage|p1b: Hawlucha|26/100|[from] Sandstorm\n|upkeep\n|\n|t:|1776215837\n|switch|p2b: Tyranitar|Tyranitar, L50, F|100/100\n|turn|3\n|\n|t:|1776215847\n|move|p2b: Tyranitar|Protect|p2b: Tyranitar\n|-singleturn|p2b: Tyranitar|Protect\n|move|p1b: Hawlucha|Close Combat|p2a: Garchomp\n|-damage|p2a: Garchomp|15/100\n|-unboost|p1b: Hawlucha|def|1\n|-unboost|p1b: Hawlucha|spd|1\n|-damage|p1b: Hawlucha|14/100|[from] ability: Rough Skin|[of] p2a: Garchomp\n|move|p1a: Garchomp|Earthquake|p2a: Garchomp|[spread] p2a\n|-activate|p2b: Tyranitar|move: Protect\n|-immune|p1b: Hawlucha\n|-damage|p2a: Garchomp|0 fnt\n|faint|p2a: Garchomp\n|\n|-weather|Sandstorm|[upkeep]\n|-damage|p1b: Hawlucha|9/100|[from] Sandstorm\n|upkeep\n|turn|4\n|\n|t:|1776215862\n|detailschange|p2b: Tyranitar|Tyranitar-Mega, L50, F\n|-mega|p2b: Tyranitar|Tyranitar|Tyranitarite\n|move|p1b: Hawlucha|Close Combat|p2b: Tyranitar\n|-supereffective|p2b: Tyranitar|2\n|-damage|p2b: Tyranitar|0 fnt\n|-unboost|p1b: Hawlucha|def|1\n|-unboost|p1b: Hawlucha|spd|1\n|faint|p2b: Tyranitar\n|\n|win|EXSA\n|raw|EXSA's rating: 1225 &rarr; <strong>1248</strong><br />(+23 for winning)\n|raw|Flatbread42's rating: 1192 &rarr; <strong>1169</strong><br />(-23 for losing)\n|l|\u2606Flatbread42\n|player|p2|\n",
  "uploadtime": 1776215867,
  "views": 16,
  "formatid": "gen9championsvgc2026regma",
  "rating": 1169,
  "private": 0,
  "password": null
}