{
  "id": "gen9championsvgc2026regma-2586825886",
  "format": "[Gen 9 Champions] VGC 2026 Reg M-A",
  "players": [
    "autiorez",
    "Coregear"
  ],
  "log": "|j|\u2606autiorez\n|j|\u2606Coregear\n|t:|1776463076\n|gametype|doubles\n|player|p1|autiorez|youngn|1133\n|player|p2|Coregear|101|1056\n|gen|9\n|tier|[Gen 9 Champions] VGC 2026 Reg M-A\n|rated|\n|rule|Species Clause: Limit one of each Pok\u00e9mon\n|rule|Item Clause: Limit 1 of each item\n|clearpoke\n|poke|p1|Sneasler, L50, M|\n|poke|p1|Aerodactyl, L50, F|\n|poke|p1|Floette-Eternal, L50, F|\n|poke|p1|Weavile, L50, M|\n|poke|p1|Greninja-*, L50, F|\n|poke|p1|Zoroark-Hisui, L50, M|\n|poke|p2|Dragonite, L50, F|\n|poke|p2|Pelipper, L50, F|\n|poke|p2|Basculegion, L50, M|\n|poke|p2|Froslass, L50, F|\n|poke|p2|Tauros, L50, M|\n|poke|p2|Sableye, L50, F|\n|teampreview|4\n|inactive|Battle timer is ON: inactive players will automatically lose when time's up. (requested by autiorez)\n|c|\u2606autiorez|i made this team while drunk last night\n|c|\u2606autiorez|lets test it\n|inactive|autiorez has 60 seconds left.\n|\n|t:|1776463123\n|teamsize|p1|4\n|teamsize|p2|4\n|start\n|switch|p1a: Weavile|Weavile, L50, M|100/100\n|switch|p1b: Aerodactyl|Aerodactyl, L50, F|100/100\n|switch|p2a: Pelipper|Pelipper, L50, F|100/100\n|switch|p2b: Sableye|Sableye, L50, F|100/100\n|-weather|RainDance|[from] ability: Drizzle|[of] p2a: Pelipper\n|turn|1\n|inactive|Coregear has 30 seconds left.\n|inactive|autiorez has 30 seconds left.\n|inactive|Coregear has 20 seconds left.\n|inactive|Coregear has 15 seconds left.\n|inactive|Coregear has 10 seconds left.\n|l|\u2606Coregear\n|inactive|Coregear disconnected and has a minute to reconnect!\n|player|p2|\n|inactive|Coregear has 5 seconds left.\n|j|\u2606Coregear\n|inactive|Coregear reconnected and has 5 seconds left.\n|player|p2|Coregear|101|\n|c|\u2606autiorez|D:\n|\n|t:|1776463179\n|move|p2b: Sableye|Fake Out|p1b: Aerodactyl\n|-immune|p1b: Aerodactyl\n|move|p1b: Aerodactyl|Shadow Ball|p2a: Pelipper\n|-damage|p2a: Pelipper|46/100\n|move|p1a: Weavile|Knock Off|p2a: Pelipper\n|-damage|p2a: Pelipper|0 fnt\n|-enditem|p2a: Pelipper|Focus Sash|[from] move: Knock Off|[of] p1a: Weavile\n|faint|p2a: Pelipper\n|\n|-weather|RainDance|[upkeep]\n|upkeep\n|\n|t:|1776463197\n|switch|p2a: Basculegion|Basculegion, L50, M|100/100\n|turn|2\n|\n|t:|1776463215\n|move|p1b: Aerodactyl|Protect|p1b: Aerodactyl\n|-singleturn|p1b: Aerodactyl|Protect\n|move|p2b: Sableye|Disable|p1b: Aerodactyl\n|-activate|p1b: Aerodactyl|move: Protect\n|move|p2a: Basculegion|Last Respects|p1b: Aerodactyl\n|-activate|p1b: Aerodactyl|move: Protect\n|move|p1a: Weavile|Knock Off|p2a: Basculegion\n|-supereffective|p2a: Basculegion|1\n|-damage|p2a: Basculegion|0 fnt\n|-enditem|p2a: Basculegion|Choice Scarf|[from] move: Knock Off|[of] p1a: Weavile\n|faint|p2a: Basculegion\n|\n|-weather|RainDance|[upkeep]\n|upkeep\n|-message|Coregear forfeited.\n|\n|win|autiorez\n|raw|autiorez's rating: 1133 &rarr; <strong>1153</strong><br />(+20 for winning)\n|raw|Coregear's rating: 1056 &rarr; <strong>1042</strong><br />(-14 for losing)\n|l|\u2606Coregear\n|player|p2|\n|c|\u2606autiorez|wow it works well huh?\n",
  "uploadtime": 1776463233,
  "views": 19,
  "formatid": "gen9championsvgc2026regma",
  "rating": 1042,
  "private": 0,
  "password": null
}