{
  "id": "gen9championsvgc2026regma-2582791981",
  "format": "[Gen 9 Champions] VGC 2026 Reg M-A",
  "players": [
    "lasesino",
    "pipppo"
  ],
  "log": "|j|\u2606lasesino\n|j|\u2606pipppo\n|t:|1776114460\n|gametype|doubles\n|player|p1|lasesino|2|1434\n|player|p2|pipppo|leaf-gen3|1516\n|gen|9\n|tier|[Gen 9 Champions] VGC 2026 Reg M-A\n|rated|\n|rule|Species Clause: Limit one of each Pok\u00e9mon\n|rule|Item Clause: Limit 1 of each item\n|clearpoke\n|poke|p1|Garchomp, L50, M|\n|poke|p1|Sneasler, L50, F|\n|poke|p1|Gengar, L50, M|\n|poke|p1|Kingambit, L50, M|\n|poke|p1|Basculegion, L50, M|\n|poke|p1|Froslass, L50, F|\n|poke|p2|Talonflame, L50, M|\n|poke|p2|Garchomp, L50, F|\n|poke|p2|Blastoise, L50, M|\n|poke|p2|Kingambit, L50, F|\n|poke|p2|Sylveon, L50, M|\n|poke|p2|Sinistcha, L50|\n|teampreview|4\n|inactive|Battle timer is ON: inactive players will automatically lose when time's up. (requested by lasesino)\n|inactive|pipppo has 60 seconds left.\n|inactive|pipppo has 30 seconds left.\n|inactive|pipppo has 20 seconds left.\n|inactive|pipppo has 15 seconds left.\n|\n|t:|1776114541\n|teamsize|p1|4\n|teamsize|p2|4\n|start\n|switch|p1a: Gengar|Gengar, L50, M|100/100\n|switch|p1b: Kingambit|Kingambit, L50, M|100/100\n|switch|p2a: Talonflame|Talonflame, L50, M|100/100\n|switch|p2b: Garchomp|Garchomp, L50, F|100/100\n|turn|1\n|inactive|lasesino has 30 seconds left.\n|inactive|pipppo has 30 seconds left.\n|inactive|lasesino has 20 seconds left.\n|inactive|pipppo has 20 seconds left.\n|inactive|pipppo has 15 seconds left.\n|inactive|pipppo has 10 seconds left.\n|inactive|pipppo has 5 seconds left.\n|\n|t:|1776114593\n|move|p2a: Talonflame|Protect|p2a: Talonflame\n|-singleturn|p2a: Talonflame|Protect\n|move|p1a: Gengar|Protect|p1a: Gengar\n|-singleturn|p1a: Gengar|Protect\n|move|p2b: Garchomp|Earthquake|p1b: Kingambit|[spread] p1b\n|-activate|p2a: Talonflame|move: Protect\n|-activate|p1a: Gengar|move: Protect\n|-supereffective|p1b: Kingambit|1\n|-damage|p1b: Kingambit|47/100\n|move|p1b: Kingambit|Kowtow Cleave|p2b: Garchomp\n|-damage|p2b: Garchomp|50/100\n|-damage|p1b: Kingambit|35/100|[from] ability: Rough Skin|[of] p2b: Garchomp\n|\n|upkeep\n|turn|2\n|\n|t:|1776114612\n|switch|p1a: Basculegion|Basculegion, L50, M|100/100\n|move|p2a: Talonflame|Tailwind|p2a: Talonflame\n|-sidestart|p2: pipppo|move: Tailwind\n|move|p1b: Kingambit|Sucker Punch|p2b: Garchomp\n|-damage|p2b: Garchomp|12/100\n|-damage|p1b: Kingambit|23/100|[from] ability: Rough Skin|[of] p2b: Garchomp\n|move|p2b: Garchomp|Earthquake|p1a: Basculegion|[spread] p1a,p1b\n|-immune|p2a: Talonflame\n|-supereffective|p1b: Kingambit|1\n|-damage|p1a: Basculegion|49/100\n|-damage|p1b: Kingambit|0 fnt\n|faint|p1b: Kingambit\n|\n|upkeep\n|\n|t:|1776114624\n|switch|p1b: Gengar|Gengar, L50, M|100/100\n|turn|3\n|\n|t:|1776114633\n|detailschange|p1b: Gengar|Gengar-Mega, L50, M\n|-mega|p1b: Gengar|Gengar|Gengarite\n|move|p2a: Talonflame|Dual Wingbeat|p1a: Basculegion\n|-damage|p1a: Basculegion|25/100\n|-damage|p1a: Basculegion|0 fnt\n|faint|p1a: Basculegion\n|-hitcount|p1: Basculegion|2\n|move|p2b: Garchomp|Earthquake|p1b: Gengar|[spread] p1b\n|-immune|p2a: Talonflame\n|-supereffective|p1b: Gengar|1\n|-damage|p1b: Gengar|2/100\n|move|p1b: Gengar|Sludge Bomb|p2a: Talonflame\n|-damage|p2a: Talonflame|25/100\n|\n|upkeep\n|-message|lasesino forfeited.\n|\n|win|pipppo\n|raw|lasesino's rating: 1434 &rarr; <strong>1419</strong><br />(-15 for losing)\n|raw|pipppo's rating: 1516 &rarr; <strong>1531</strong><br />(+15 for winning)\n|l|\u2606lasesino\n|player|p1|\n|j| nkrz\n|l| nkrz\n",
  "uploadtime": 1776114679,
  "views": 46,
  "formatid": "gen9championsvgc2026regma",
  "rating": 1419,
  "private": 0,
  "password": null
}