{
  "id": "gen9championsvgc2026regma-2584964798",
  "format": "[Gen 9 Champions] VGC 2026 Reg M-A",
  "players": [
    "Filowl",
    "ioiimaspyioi"
  ],
  "log": "|j|\u2606Filowl\n|j|\u2606ioiimaspyioi\n|t:|1776298769\n|gametype|doubles\n|player|p1|Filowl|wattson|1296\n|player|p2|ioiimaspyioi|morty|1211\n|gen|9\n|tier|[Gen 9 Champions] VGC 2026 Reg M-A\n|rated|\n|rule|Species Clause: Limit one of each Pok\u00e9mon\n|rule|Item Clause: Limit 1 of each item\n|clearpoke\n|poke|p1|Greninja-*, L50, M|\n|poke|p1|Noivern, L50, M|\n|poke|p1|Garchomp, L50, M|\n|poke|p1|Charizard, L50, M|\n|poke|p1|Gengar, L50, M|\n|poke|p1|Floette-Eternal, L50, F|\n|poke|p2|Froslass, L50, F|\n|poke|p2|Sneasler, L50, M|\n|poke|p2|Incineroar, L50, M|\n|poke|p2|Kingambit, L50, M|\n|poke|p2|Rotom-Frost, L50|\n|poke|p2|Aerodactyl, L50, M|\n|teampreview|4\n|inactive|Battle timer is ON: inactive players will automatically lose when time's up. (requested by Filowl)\n|inactive|Filowl has 60 seconds left.\n|inactive|ioiimaspyioi has 60 seconds left.\n|\n|t:|1776298816\n|teamsize|p1|4\n|teamsize|p2|4\n|start\n|switch|p1a: Eros|Noivern, L50, M, shiny|100/100\n|switch|p1b: Garchomp|Garchomp, L50, M|100/100\n|switch|p2a: Froslass|Froslass, L50, F|100/100\n|switch|p2b: Rotom|Rotom-Frost, L50|100/100\n|-item|p2a: Froslass|Froslassite|[from] ability: Frisk|[of] p1a: Eros\n|-item|p2b: Rotom|Choice Scarf|[from] ability: Frisk|[of] p1a: Eros\n|turn|1\n|\n|t:|1776298832\n|detailschange|p2a: Froslass|Froslass-Mega, L50, F\n|-mega|p2a: Froslass|Froslass|Froslassite\n|-weather|Snowscape|[from] ability: Snow Warning|[of] p2a: Froslass\n|move|p2b: Rotom|Blizzard|p1b: Garchomp|[spread] p1a,p1b\n|-supereffective|p1a: Eros|2\n|-supereffective|p1b: Garchomp|2\n|-damage|p1a: Eros|0 fnt\n|-damage|p1b: Garchomp|0 fnt\n|faint|p1a: Eros\n|faint|p1b: Garchomp\n|move|p2a: Froslass|Blizzard|p1: Eros|[notarget]\n|-fail|p2a: Froslass\n|\n|-weather|Snowscape|[upkeep]\n|upkeep\n|\n|t:|1776298844\n|switch|p1a: Floette|Floette-Eternal, L50, F, shiny|100/100\n|switch|p1b: \u00c9z\u00e9chiel|Gengar, L50, M, shiny|100/100\n|turn|2\n|\n|t:|1776298858\n|detailschange|p1a: Floette|Floette-Mega, L50, F, shiny\n|-mega|p1a: Floette|Floette|Floettite\n|-ability|p1a: Floette|Fairy Aura\n|move|p1b: \u00c9z\u00e9chiel|Protect|p1b: \u00c9z\u00e9chiel\n|-singleturn|p1b: \u00c9z\u00e9chiel|Protect\n|move|p2b: Rotom|Blizzard|p1a: Floette|[spread] p1a\n|-activate|p1b: \u00c9z\u00e9chiel|move: Protect\n|-damage|p1a: Floette|71/100\n|move|p2a: Froslass|Blizzard|p1b: \u00c9z\u00e9chiel|[spread] p1a\n|-activate|p1b: \u00c9z\u00e9chiel|move: Protect\n|-damage|p1a: Floette|41/100\n|move|p1a: Floette|Dazzling Gleam|p2b: Rotom|[spread] p2a,p2b\n|-damage|p2a: Froslass|47/100\n|-damage|p2b: Rotom|29/100\n|\n|-weather|Snowscape|[upkeep]\n|upkeep\n|turn|3\n|\n|t:|1776298881\n|move|p1a: Floette|Protect|p1a: Floette\n|-singleturn|p1a: Floette|Protect\n|move|p2b: Rotom|Blizzard|p1b: \u00c9z\u00e9chiel|[spread] p1b\n|-activate|p1a: Floette|move: Protect\n|-damage|p1b: \u00c9z\u00e9chiel|32/100\n|move|p2a: Froslass|Blizzard|p1b: \u00c9z\u00e9chiel|[spread] p1b\n|-activate|p1a: Floette|move: Protect\n|-damage|p1b: \u00c9z\u00e9chiel|0 fnt\n|faint|p1b: \u00c9z\u00e9chiel\n|\n|-weather|Snowscape|[upkeep]\n|upkeep\n|turn|4\n|-message|Filowl forfeited.\n|\n|win|ioiimaspyioi\n|raw|Filowl's rating: 1296 &rarr; <strong>1265</strong><br />(-31 for losing)\n|raw|ioiimaspyioi's rating: 1211 &rarr; <strong>1242</strong><br />(+31 for winning)\n|l|\u2606Filowl\n|player|p1|\n",
  "uploadtime": 1776298892,
  "views": 38,
  "formatid": "gen9championsvgc2026regma",
  "rating": 1242,
  "private": 0,
  "password": null
}