{
  "id": "gen9championsvgc2026regma-2586666813",
  "format": "[Gen 9 Champions] VGC 2026 Reg M-A",
  "players": [
    "ribas900",
    "chuckie2274"
  ],
  "log": "|j|\u2606ribas900\n|j|\u2606chuckie2274\n|t:|1776450569\n|gametype|doubles\n|player|p1|ribas900|boarder|1045\n|player|p2|chuckie2274|169|1000\n|gen|9\n|tier|[Gen 9 Champions] VGC 2026 Reg M-A\n|rated|\n|rule|Species Clause: Limit one of each Pok\u00e9mon\n|rule|Item Clause: Limit 1 of each item\n|clearpoke\n|poke|p1|Tyranitar, L50, F|\n|poke|p1|Excadrill, L50, F|\n|poke|p1|Aerodactyl, L50, M|\n|poke|p1|Sneasler, L50, M|\n|poke|p1|Incineroar, L50, M|\n|poke|p1|Sinistcha-Masterpiece, L50|\n|poke|p2|Archaludon, L50, F|\n|poke|p2|Gengar, L50, M|\n|poke|p2|Vivillon, L50, M|\n|poke|p2|Primarina, L50, M|\n|poke|p2|Lopunny, L50, M|\n|poke|p2|Hydreigon, L50, M|\n|teampreview|4\n|\n|t:|1776450577\n|teamsize|p1|4\n|teamsize|p2|4\n|start\n|switch|p1a: Tyranitar|Tyranitar, L50, F|100/100\n|switch|p1b: Sneasler|Sneasler, L50, M|100/100\n|switch|p2a: Archaludon|Archaludon, L50, F|100/100\n|switch|p2b: Primarina|Primarina, L50, M|100/100\n|-weather|Sandstorm|[from] ability: Sand Stream|[of] p1a: Tyranitar\n|turn|1\n|inactive|Battle timer is ON: inactive players will automatically lose when time's up. (requested by chuckie2274)\n|\n|t:|1776450602\n|move|p1b: Sneasler|Fake Out|p2b: Primarina\n|-damage|p2b: Primarina|82/100\n|move|p2a: Archaludon|Flash Cannon|p1a: Tyranitar\n|-supereffective|p1a: Tyranitar|1\n|-damage|p1a: Tyranitar|46/100\n|move|p1a: Tyranitar|Rock Slide|p2a: Archaludon|[spread] p2a\n|-miss|p1a: Tyranitar|p2b: Primarina\n|-resisted|p2a: Archaludon|1\n|-damage|p2a: Archaludon|89/100\n|-ability|p2a: Archaludon|Stamina|boost\n|-boost|p2a: Archaludon|def|1\n|cant|p2b: Primarina|flinch\n|\n|-weather|Sandstorm|[upkeep]\n|-damage|p1b: Sneasler|95/100|[from] Sandstorm\n|-damage|p2b: Primarina|76/100|[from] Sandstorm\n|-heal|p2a: Archaludon|95/100|[from] item: Leftovers\n|upkeep\n|turn|2\n|l|\u2606chuckie2274\n|inactive|chuckie2274 disconnected and has a minute to reconnect!\n|player|p2|\n|inactive|ribas900 has 30 seconds left.\n|inactive|chuckie2274 has 30 seconds left.\n|inactive|chuckie2274 has 20 seconds left.\n|j|\u2606chuckie2274\n|inactive|chuckie2274 reconnected and has 20 seconds left.\n|player|p2|chuckie2274|169|\n|inactive|chuckie2274 has 15 seconds left.\n|inactive|chuckie2274 has 10 seconds left.\n|\n|t:|1776450650\n|detailschange|p1a: Tyranitar|Tyranitar-Mega, L50, F\n|-mega|p1a: Tyranitar|Tyranitar|Tyranitarite\n|move|p1b: Sneasler|Close Combat|p2a: Archaludon\n|-supereffective|p2a: Archaludon|1\n|-damage|p2a: Archaludon|34/100\n|-unboost|p1b: Sneasler|def|1\n|-unboost|p1b: Sneasler|spd|1\n|-ability|p2a: Archaludon|Stamina|boost\n|-boost|p2a: Archaludon|def|1\n|-enditem|p1b: Sneasler|White Herb\n|-clearnegativeboost|p1b: Sneasler|[silent]\n|move|p2a: Archaludon|Flash Cannon|p1b: Sneasler\n|-damage|p1b: Sneasler|41/100\n|move|p1a: Tyranitar|Rock Slide|p2b: Primarina|[spread] p2a,p2b\n|-resisted|p2a: Archaludon|1\n|-damage|p2a: Archaludon|27/100\n|-damage|p2b: Primarina|29/100\n|-ability|p2a: Archaludon|Stamina|boost\n|-boost|p2a: Archaludon|def|1\n|move|p2b: Primarina|Hyper Voice|p1b: Sneasler|[spread] p1a,p1b\n|-supereffective|p1a: Tyranitar|1\n|-damage|p1a: Tyranitar|6/100\n|-damage|p1b: Sneasler|0 fnt\n|faint|p1b: Sneasler\n|\n|-weather|Sandstorm|[upkeep]\n|-damage|p2b: Primarina|23/100|[from] Sandstorm\n|-heal|p2a: Archaludon|33/100|[from] item: Leftovers\n|upkeep\n|-message|ribas900 forfeited.\n|\n|win|chuckie2274\n|raw|ribas900's rating: 1045 &rarr; <strong>1026</strong><br />(-19 for losing)\n|raw|chuckie2274's rating: 1000 &rarr; <strong>1045</strong><br />(+45 for winning)\n|l|\u2606ribas900\n|player|p1|\n",
  "uploadtime": 1776450674,
  "views": 25,
  "formatid": "gen9championsvgc2026regma",
  "rating": 1026,
  "private": 0,
  "password": null
}