{
  "id": "gen9championsvgc2026regma-2584266493",
  "format": "[Gen 9 Champions] VGC 2026 Reg M-A",
  "players": [
    "PowLarBeam",
    "mimiat"
  ],
  "log": "|j|\u2606PowLarBeam\n|j|\u2606mimiat\n|t:|1776245060\n|gametype|doubles\n|player|p1|PowLarBeam|veteran|1135\n|player|p2|mimiat|265|1213\n|gen|9\n|tier|[Gen 9 Champions] VGC 2026 Reg M-A\n|rated|\n|rule|Species Clause: Limit one of each Pok\u00e9mon\n|rule|Item Clause: Limit 1 of each item\n|clearpoke\n|poke|p1|Crabominable, L50, M|\n|poke|p1|Slowking-Galar, L50, F|\n|poke|p1|Kingambit, L50, M|\n|poke|p1|Primarina, L50, F|\n|poke|p1|Incineroar, L50, F|\n|poke|p1|Sinistcha, L50|\n|poke|p2|Lopunny, L50, F|\n|poke|p2|Aerodactyl, L50, F|\n|poke|p2|Farigiraf, L50, M|\n|poke|p2|Rotom-Wash, L50|\n|poke|p2|Aegislash, L50, F|\n|poke|p2|Archaludon, L50, M|\n|teampreview|4\n|\n|t:|1776245131\n|teamsize|p1|4\n|teamsize|p2|4\n|start\n|switch|p1a: Slowking|Slowking-Galar, L50, F|100/100\n|switch|p1b: Primarina|Primarina, L50, F|100/100\n|switch|p2a: Farigiraf|Farigiraf, L50, M|100/100\n|switch|p2b: Archaludon|Archaludon, L50, M|100/100\n|turn|1\n|\n|t:|1776245150\n|switch|p1b: Sinistcha|Sinistcha, L50|100/100\n|move|p2a: Farigiraf|Helping Hand|p2b: Archaludon\n|-singleturn|p2b: Archaludon|Helping Hand|[of] p2a: Farigiraf\n|move|p2b: Archaludon|Steel Beam|p1a: Slowking\n|-damage|p1a: Slowking|0 fnt\n|-damage|p2b: Archaludon|50/100|[from] steelbeam\n|faint|p1a: Slowking\n|\n|upkeep\n|\n|t:|1776245161\n|switch|p1a: Primarina|Primarina, L50, F|100/100\n|turn|2\n|\n|t:|1776245175\n|move|p2a: Farigiraf|Helping Hand|p2b: Archaludon\n|-singleturn|p2b: Archaludon|Helping Hand|[of] p2a: Farigiraf\n|move|p1b: Sinistcha|Rage Powder|p1b: Sinistcha\n|-singleturn|p1b: Sinistcha|move: Rage Powder\n|move|p2b: Archaludon|Steel Beam|p1b: Sinistcha\n|-damage|p1b: Sinistcha|0 fnt\n|-damage|p2b: Archaludon|0 fnt|[from] steelbeam\n|faint|p2b: Archaludon\n|faint|p1b: Sinistcha\n|move|p1a: Primarina|Moonblast|p2a: Farigiraf\n|-damage|p2a: Farigiraf|62/100\n|-unboost|p2a: Farigiraf|spa|1\n|\n|upkeep\n|\n|t:|1776245197\n|switch|p2b: Aegislash|Aegislash, L50, F|100/100\n|switch|p1b: Crabominable|Crabominable, L50, M|100/100\n|turn|3\n|\n|t:|1776245219\n|detailschange|p1b: Crabominable|Crabominable-Mega, L50, M\n|-mega|p1b: Crabominable|Crabominable|Crabominite\n|move|p2a: Farigiraf|Helping Hand|p2b: Aegislash\n|-singleturn|p2b: Aegislash|Helping Hand|[of] p2a: Farigiraf\n|-formechange|p2b: Aegislash|Aegislash-Blade|\n|move|p2b: Aegislash|Poltergeist|p1a: Primarina\n|-activate|p1a: Primarina|move: Poltergeist|Leftovers\n|-damage|p1a: Primarina|0 fnt\n|faint|p1a: Primarina\n|move|p1b: Crabominable|Ice Hammer|p2b: Aegislash|[miss]\n|-miss|p1b: Crabominable|p2b: Aegislash\n|\n|upkeep\n|turn|4\n|-message|PowLarBeam forfeited.\n|\n|win|mimiat\n|raw|PowLarBeam's rating: 1135 &rarr; <strong>1116</strong><br />(-19 for losing)\n|raw|mimiat's rating: 1213 &rarr; <strong>1232</strong><br />(+19 for winning)\n|l|\u2606PowLarBeam\n|player|p1|\n",
  "uploadtime": 1776245235,
  "views": 28,
  "formatid": "gen9championsvgc2026regma",
  "rating": 1116,
  "private": 0,
  "password": null
}