{
  "id": "gen9championsvgc2026regma-2580709118",
  "format": "[Gen 9 Champions] VGC 2026 Reg M-A",
  "players": [
    "mynamegrassgreen",
    "jeffthemalmar"
  ],
  "log": "|j|\u2606mynamegrassgreen\n|j|\u2606jeffthemalmar\n|t:|1775926085\n|gametype|doubles\n|player|p1|mynamegrassgreen|2|\n|player|p2|jeffthemalmar|lucas|\n|gen|9\n|tier|[Gen 9 Champions] VGC 2026 Reg M-A\n|rated|Tournament battle\n|rule|Species Clause: Limit one of each Pok\u00e9mon\n|rule|Item Clause: Limit 1 of each item\n|clearpoke\n|poke|p1|Gengar, L50, F|\n|poke|p1|Kommo-o, L50, M|\n|poke|p1|Whimsicott, L50, M|\n|poke|p1|Sinistcha-Masterpiece, L50|\n|poke|p1|Incineroar, L50, F|\n|poke|p1|Basculegion, L50, M|\n|poke|p2|Charizard, L50, M|\n|poke|p2|Venusaur, L50, F|\n|poke|p2|Incineroar, L50, F|\n|poke|p2|Farigiraf, L50, F|\n|poke|p2|Conkeldurr, L50, F|\n|poke|p2|Garchomp, L50, M|\n|teampreview|4\n|j| bamronald\n|j|+hamstermaniacz\n|j| 471 Scyther\n|j| sgrace\n|j| VC824\n|c|\u2606mynamegrassgreen|No way I'm in finals with this lol\n|c|\u2606mynamegrassgreen|Also yeah hamster that would have been a much smarter play\n|l| VC824\nmynamegrassgreen has agreed to open team sheets.\n|j| mysticmarshtomp\n|c|+hamstermaniacz|watch out though\n|j| clodsire92744\n|c|+hamstermaniacz|kommo-o might be deaf\n|c|\u2606mynamegrassgreen|Booooo\n|\n|t:|1775926179\n|teamsize|p1|4\n|teamsize|p2|4\n|start\n|switch|p1a: Kommo-o|Kommo-o, L50, M|100/100\n|switch|p1b: Gengar|Gengar, L50, F|100/100\n|switch|p2a: Charizard|Charizard, L50, M|100/100\n|switch|p2b: Venusaur|Venusaur, L50, F|100/100\n|turn|1\n|j| z123z\n|c| z123z|wolfey con perish ;(\n|c| z123z|avenge me jeff\n|j| 0qou\n|\n|t:|1775926218\n|detailschange|p1b: Gengar|Gengar-Mega, L50, F\n|-mega|p1b: Gengar|Gengar|Gengarite\n|detailschange|p2a: Charizard|Charizard-Mega-Y, L50, M\n|-mega|p2a: Charizard|Charizard|Charizardite Y\n|-weather|SunnyDay|[from] ability: Drought|[of] p2a: Charizard\n|move|p2b: Venusaur|Sludge Bomb|p1a: Kommo-o\n|-crit|p1a: Kommo-o\n|-damage|p1a: Kommo-o|40/100\n|-status|p1a: Kommo-o|psn\n|move|p1b: Gengar|Sludge Bomb|p2a: Charizard\n|-damage|p2a: Charizard|50/100\n|move|p2a: Charizard|Heat Wave|p1b: Gengar|[spread] p1a,p1b\n|-resisted|p1a: Kommo-o|1\n|-damage|p1a: Kommo-o|8/100 psn\n|-damage|p1b: Gengar|34/100\n|move|p1a: Kommo-o|Clangorous Soul||[still]\n|-fail|p1a: Kommo-o\n|\n|-weather|SunnyDay|[upkeep]\n|-damage|p1a: Kommo-o|0 fnt|[from] psn\n|faint|p1a: Kommo-o\n|upkeep\n|j| A Regu1ar Guy\n|c| z123z|cooked\n|c|\u2606mynamegrassgreen|Ril\n|j| toadsamongmen\n|c|\u2606mynamegrassgreen|Rip\n|-message|mynamegrassgreen forfeited.\n|\n|win|jeffthemalmar\n|n|\u2606mynamegrassgreen|mynamegrassgreen\n|n|\u2606jeffthemalmar|jeffthemalmar\n|n| bamronald|bamronald\n|n| hamstermaniacz|hamstermaniacz\n|n| 471 Scyther|471scyther\n|n| sgrace|sgrace\n|n| mysticmarshtomp|mysticmarshtomp\n|n| clodsire92744|clodsire92744\n|n| z123z|z123z\n|n| 0qou|0qou\n|n| A Regu1ar Guy|aregu1arguy\n|n| toadsamongmen|toadsamongmen\n",
  "uploadtime": 1775926241,
  "views": 15,
  "formatid": "gen9championsvgc2026regma",
  "rating": null,
  "private": 0,
  "password": null
}