{
  "id": "gen9championsvgc2026regma-2583491096",
  "format": "[Gen 9 Champions] VGC 2026 Reg M-A",
  "players": [
    "thecynikyt",
    "sagrarmado"
  ],
  "log": "|j|\u2606thecynikyt\n|j|\u2606sagrarmado\n|t:|1776179014\n|gametype|doubles\n|player|p1|thecynikyt|alder|1054\n|player|p2|sagrarmado|ghetsis|1030\n|gen|9\n|tier|[Gen 9 Champions] VGC 2026 Reg M-A\n|rated|\n|rule|Species Clause: Limit one of each Pok\u00e9mon\n|rule|Item Clause: Limit 1 of each item\n|clearpoke\n|poke|p1|Gallade, L50, M|\n|poke|p1|Whimsicott, L50, M|\n|poke|p1|Zoroark-Hisui, L50, F|\n|poke|p1|Archaludon, L50, F|\n|poke|p1|Meganium, L50, F|\n|poke|p1|Rotom-Wash, L50|\n|poke|p2|Gengar, L50, F|\n|poke|p2|Altaria, L50, M|\n|poke|p2|Incineroar, L50, F|\n|poke|p2|Blastoise, L50, M|\n|poke|p2|Kommo-o, L50, F|\n|poke|p2|Morpeko, L50, M|\n|teampreview|4\n|inactive|Battle timer is ON: inactive players will automatically lose when time's up. (requested by thecynikyt)\n|inactive|thecynikyt has 60 seconds left.\n|inactive|sagrarmado has 60 seconds left.\n|\n|t:|1776179050\n|teamsize|p1|4\n|teamsize|p2|4\n|start\n|switch|p1a: Whimsicott|Whimsicott, L50, M|100/100\n|switch|p1b: Rotom|Rotom-Wash, L50, shiny|100/100\n|switch|p2a: Gengar|Gengar, L50, F|100/100\n|switch|p2b: Altaria|Altaria, L50, M|100/100\n|-ability|p2b: Altaria|Cloud Nine\n|turn|1\n|\n|t:|1776179074\n|detailschange|p2a: Gengar|Gengar-Mega, L50, F\n|-mega|p2a: Gengar|Gengar|Gengarite\n|move|p2b: Altaria|Protect|p2b: Altaria\n|-singleturn|p2b: Altaria|Protect\n|move|p2a: Gengar|Perish Song|p2a: Gengar\n|-start|p1a: Whimsicott|perish3|[silent]\n|-start|p1b: Rotom|perish3|[silent]\n|-start|p2a: Gengar|perish3|[silent]\n|-start|p2b: Altaria|perish3|[silent]\n|-fieldactivate|move: Perish Song\n|move|p1a: Whimsicott|Bitter Malice|p2a: Gengar\n|-supereffective|p2a: Gengar|1\n|-damage|p2a: Gengar|10/100\n|-unboost|p2a: Gengar|atk|1\n|move|p1b: Rotom|Electroweb|p2b: Altaria|[spread] p2a\n|-activate|p2b: Altaria|move: Protect\n|-damage|p2a: Gengar|0 fnt\n|faint|p2a: Gengar\n|\n|-start|p1a: Whimsicott|perish3\n|-start|p1b: Rotom|perish3\n|-start|p2b: Altaria|perish3\n|upkeep\n|\n|t:|1776179098\n|switch|p2a: Incineroar|Incineroar, L50, F|100/100\n|-ability|p2a: Incineroar|Intimidate|boost\n|-unboost|p1a: Whimsicott|atk|1\n|-unboost|p1b: Rotom|atk|1\n|turn|2\n|inactive|thecynikyt has 30 seconds left.\n|inactive|sagrarmado has 30 seconds left.\n|-message|sagrarmado forfeited.\n|\n|win|thecynikyt\n|raw|thecynikyt's rating: 1054 &rarr; <strong>1084</strong><br />(+30 for winning)\n|raw|sagrarmado's rating: 1030 &rarr; <strong>1017</strong><br />(-13 for losing)\n|l|\u2606sagrarmado\n|player|p2|\n",
  "uploadtime": 1776179585,
  "views": 20,
  "formatid": "gen9championsvgc2026regma",
  "rating": 1017,
  "private": 0,
  "password": null
}