{
  "id": "gen9championsvgc2026regma-2584873553",
  "format": "[Gen 9 Champions] VGC 2026 Reg M-A",
  "players": [
    "benjiapollo",
    "jauja"
  ],
  "log": "|j|\u2606benjiapollo\n|j|\u2606jauja\n|t:|1776290482\n|gametype|doubles\n|player|p1|benjiapollo|giovanni|1201\n|player|p2|jauja|169|1283\n|gen|9\n|tier|[Gen 9 Champions] VGC 2026 Reg M-A\n|rated|\n|rule|Species Clause: Limit one of each Pok\u00e9mon\n|rule|Item Clause: Limit 1 of each item\n|clearpoke\n|poke|p1|Basculegion, L50, M|\n|poke|p1|Charizard, L50, M|\n|poke|p1|Kingambit, L50, M|\n|poke|p1|Sneasler, L50, M|\n|poke|p1|Venusaur, L50, M|\n|poke|p1|Talonflame, L50, M|\n|poke|p2|Incineroar, L50, M|\n|poke|p2|Pelipper, L50, F|\n|poke|p2|Archaludon, L50, F|\n|poke|p2|Sinistcha, L50|\n|poke|p2|Sneasler, L50, M|\n|poke|p2|Feraligatr, L50, F|\n|teampreview|4\n|inactive|Battle timer is ON: inactive players will automatically lose when time's up. (requested by benjiapollo)\n|\n|t:|1776290516\n|teamsize|p1|4\n|teamsize|p2|4\n|start\n|switch|p1a: Talonflame|Talonflame, L50, M|100/100\n|switch|p1b: Charizard|Charizard, L50, M|100/100\n|switch|p2a: Sneasler|Sneasler, L50, M|100/100\n|switch|p2b: Feraligatr|Feraligatr, L50, F|100/100\n|turn|1\n|\n|t:|1776290532\n|detailschange|p1b: Charizard|Charizard-Mega-X, L50, M\n|-mega|p1b: Charizard|Charizard|Charizardite X\n|detailschange|p2b: Feraligatr|Feraligatr-Mega, L50, F\n|-mega|p2b: Feraligatr|Feraligatr|Feraligite\n|move|p1a: Talonflame|Quick Guard|p1a: Talonflame\n|-singleturn|p1a: Talonflame|Quick Guard\n|move|p2a: Sneasler|Fake Out|p1a: Talonflame\n|-activate|p1a: Talonflame|move: Quick Guard\n|move|p1b: Charizard|Dragon Claw|p2b: Feraligatr\n|-supereffective|p2b: Feraligatr|1\n|-damage|p2b: Feraligatr|16/100\n|move|p2b: Feraligatr|Dragon Dance|p2b: Feraligatr\n|-boost|p2b: Feraligatr|atk|1\n|-boost|p2b: Feraligatr|spe|1\n|\n|upkeep\n|turn|2\n|inactive|jauja has 30 seconds left.\n|\n|t:|1776290560\n|move|p1a: Talonflame|Tailwind|p1a: Talonflame\n|-sidestart|p1: benjiapollo|move: Tailwind\n|move|p1b: Charizard|Dragon Claw|p2b: Feraligatr\n|-supereffective|p2b: Feraligatr|1\n|-damage|p2b: Feraligatr|0 fnt\n|faint|p2b: Feraligatr\n|move|p2a: Sneasler|Dire Claw|p1a: Talonflame\n|-damage|p1a: Talonflame|32/100\n|\n|upkeep\n|-message|jauja forfeited.\n|\n|win|benjiapollo\n|raw|benjiapollo's rating: 1201 &rarr; <strong>1232</strong><br />(+31 for winning)\n|raw|jauja's rating: 1283 &rarr; <strong>1252</strong><br />(-31 for losing)\n|l|\u2606jauja\n|player|p2|\n",
  "uploadtime": 1776290573,
  "views": 36,
  "formatid": "gen9championsvgc2026regma",
  "rating": 1232,
  "private": 0,
  "password": null
}