{
  "id": "gen9championsvgc2026regma-2586566175",
  "format": "[Gen 9 Champions] VGC 2026 Reg M-A",
  "players": [
    "Hellhoundvetica",
    "Krisuerte"
  ],
  "log": "|j|\u2606Hellhoundvetica\n|j|\u2606Krisuerte\n|t:|1776443471\n|gametype|doubles\n|player|p1|Hellhoundvetica|bellelba|1388\n|player|p2|Krisuerte|266|1489\n|gen|9\n|tier|[Gen 9 Champions] VGC 2026 Reg M-A\n|rated|\n|rule|Species Clause: Limit one of each Pok\u00e9mon\n|rule|Item Clause: Limit 1 of each item\n|clearpoke\n|poke|p1|Farigiraf, L50, M|\n|poke|p1|Torkoal, L50, M|\n|poke|p1|Decidueye-Hisui, L50, M|\n|poke|p1|Tyranitar, L50, M|\n|poke|p1|Milotic, L50, F|\n|poke|p1|Scizor, L50, F|\n|poke|p2|Archaludon, L50, M|\n|poke|p2|Feraligatr, L50, F|\n|poke|p2|Pelipper, L50, M|\n|poke|p2|Scizor, L50, M|\n|poke|p2|Sneasler, L50, F|\n|poke|p2|Sinistcha-Masterpiece, L50|\n|teampreview|4\nHellhoundvetica rejected open team sheets.\n|\n|t:|1776443518\n|teamsize|p1|4\n|teamsize|p2|4\n|start\n|switch|p1a: Farigiraf|Farigiraf, L50, M|100/100\n|switch|p1b: Tyranitar|Tyranitar, L50, M|100/100\n|switch|p2a: Scizor|Scizor, L50, M|100/100\n|switch|p2b: Feraligatr|Feraligatr, L50, F|100/100\n|-ability|p1b: Tyranitar|Unnerve\n|turn|1\n|\n|t:|1776443541\n|detailschange|p2b: Feraligatr|Feraligatr-Mega, L50, F\n|-mega|p2b: Feraligatr|Feraligatr|Feraligite\n|move|p2b: Feraligatr|Waterfall|p1a: Farigiraf\n|-damage|p1a: Farigiraf|41/100\n|move|p2a: Scizor|Bug Bite|p1a: Farigiraf\n|-supereffective|p1a: Farigiraf|1\n|-damage|p1a: Farigiraf|0 fnt\n|faint|p1a: Farigiraf\n|move|p1b: Tyranitar|Rock Slide|p2b: Feraligatr|[spread] p2a,p2b\n|-damage|p2a: Scizor|66/100\n|-damage|p2b: Feraligatr|72/100\n|\n|upkeep\n|\n|t:|1776443553\n|switch|p1a: Torkoal|Torkoal, L50, M|100/100\n|-weather|SunnyDay|[from] ability: Drought|[of] p1a: Torkoal\n|turn|2\n|\n|t:|1776443566\n|switch|p2a: Pelipper|Pelipper, L50, M|100/100\n|-weather|RainDance|[from] ability: Drizzle|[of] p2a: Pelipper\n|move|p2b: Feraligatr|Waterfall|p1b: Tyranitar\n|-supereffective|p1b: Tyranitar|1\n|-damage|p1b: Tyranitar|0 fnt\n|faint|p1b: Tyranitar\n|move|p1a: Torkoal|Solar Beam||[still]\n|-prepare|p1a: Torkoal|Solar Beam\n|\n|-weather|RainDance|[upkeep]\n|upkeep\n|\n|t:|1776443576\n|switch|p1b: Decidueye|Decidueye-Hisui, L50, M|100/100\n|turn|3\n|\n|t:|1776443584\n|move|p2a: Pelipper|Hurricane|p1b: Decidueye\n|-supereffective|p1b: Decidueye|2\n|-damage|p1b: Decidueye|0 fnt\n|faint|p1b: Decidueye\n|move|p2b: Feraligatr|Waterfall|p1a: Torkoal\n|-supereffective|p1a: Torkoal|1\n|-damage|p1a: Torkoal|0 fnt\n|faint|p1a: Torkoal\n|\n|win|Krisuerte\n|raw|Hellhoundvetica's rating: 1388 &rarr; <strong>1374</strong><br />(-14 for losing)\n|raw|Krisuerte's rating: 1489 &rarr; <strong>1503</strong><br />(+14 for winning)\n|l|\u2606Hellhoundvetica\n|player|p1|\n",
  "uploadtime": 1776443601,
  "views": 64,
  "formatid": "gen9championsvgc2026regma",
  "rating": 1374,
  "private": 0,
  "password": null
}