{
  "id": "gen9championsvgc2026regma-2581606998",
  "format": "[Gen 9 Champions] VGC 2026 Reg M-A",
  "players": [
    "Jamstiffer",
    "realcomrade379"
  ],
  "log": "|j|\u2606Jamstiffer\n|j|\u2606realcomrade379\n|html|<table width=\"100%\"><tr><td align=\"left\">Jamstiffer</td><td align=\"right\">realcomrade379</tr><tr><td align=\"left\"><i class=\"fa fa-circle-o\"></i> <i class=\"fa fa-circle-o\"></i> </td><td align=\"right\"><i class=\"fa fa-circle-o\"></i> <i class=\"fa fa-circle-o\"></i> </tr></table>\n|uhtml|bestof|<h2><strong>Game 1</strong> of <a href=\"/game-bestof3-gen9championsvgc2026regma-2581606997\">a best-of-3</a></h2>\n|t:|1776014667\n|gametype|doubles\n|player|p1|Jamstiffer|aaron|\n|player|p2|realcomrade379|shadowtriad|\n|gen|9\n|tier|[Gen 9 Champions] VGC 2026 Reg M-A\n|rated|Tournament battle\n|rule|Species Clause: Limit one of each Pok\u00e9mon\n|rule|Item Clause: Limit 1 of each item\n|raw|<div class=\"infobox\"><details class=\"readmore\" open><summary><strong>2 custom rules:</strong></summary> Force Open Team Sheets, Best of = 3</details></div>\n|clearpoke\n|poke|p1|Tyranitar, L50, M|\n|poke|p1|Garchomp, L50, M|\n|poke|p1|Sneasler, L50, F|\n|poke|p1|Corviknight, L50, M|\n|poke|p1|Sinistcha, L50|\n|poke|p1|Rotom-Wash, L50|\n|poke|p2|Tyranitar, L50, F|\n|poke|p2|Floette-Eternal, L50, F|\n|poke|p2|Excadrill, L50, F|\n|poke|p2|Basculegion, L50, M|\n|poke|p2|Sinistcha, L50|\n|poke|p2|Incineroar, L50, F|\n|teampreview|4\n|showteam|p1|Tyranitar||Tyranitarite|SandStream|RockSlide,KnockOff,DragonDance,Protect|||M|||50|]Garchomp||ChoiceScarf|SandVeil|Earthquake,DragonClaw,StompingTantrum,RockSlide|||M|||50|]Sneasler||WhiteHerb|Unburden|DireClaw,Protect,CloseCombat,FakeOut|||F|||50|]Corviknight||Leftovers|MirrorArmor|BraveBird,BulkUp,Roost,Tailwind|||M|||50|]Sinistcha||MentalHerb|Hospitality|RagePowder,TrickRoom,MatchaGotcha,StrengthSap||||||50|]Rotom-Wash||SitrusBerry|Levitate|WillOWisp,Protect,HydroPump,VoltSwitch||||||50|\n|showteam|p2|Tyranitar||Tyranitarite|SandStream|Protect,LowKick,KnockOff,RockSlide|||F|||50|]Floette-Eternal||Floettite|FlowerVeil|Protect,CalmMind,DazzlingGleam,Moonblast|||F|||50|]Excadrill||FocusSash|SandRush|Protect,HighHorsepower,IronHead,Earthquake|||F|||50|]Basculegion||ChoiceScarf|Adaptability|LastRespects,WaveCrash,FlipTurn,AquaJet|||M|||50|]Sinistcha||SitrusBerry|Hospitality|MatchaGotcha,TrickRoom,RagePowder,LifeDew||||||50|]Incineroar||ChopleBerry|Intimidate|FlareBlitz,WillOWisp,FakeOut,PartingShot|||F|||50|\n|inactive|Battle timer is ON: inactive players will automatically lose when time's up. (requested by Jamstiffer)\n|j| pk_azzu\n|inactive|Jamstiffer has 60 seconds left.\n|inactive|Jamstiffer has 30 seconds left.\n|\n|t:|1776014735\n|teamsize|p1|4\n|teamsize|p2|4\n|start\n|switch|p1a: Tyranitar|Tyranitar, L50, M|100/100\n|switch|p1b: Sinistcha|Sinistcha, L50|100/100\n|switch|p2a: Incineroar|Incineroar, L50, F|100/100\n|switch|p2b: Floette|Floette-Eternal, L50, F|100/100\n|-weather|Sandstorm|[from] ability: Sand Stream|[of] p1a: Tyranitar\n|-ability|p2a: Incineroar|Intimidate|boost\n|-unboost|p1a: Tyranitar|atk|1\n|-unboost|p1b: Sinistcha|atk|1\n|turn|1\n|\n|t:|1776014758\n|detailschange|p2b: Floette|Floette-Mega, L50, F\n|-mega|p2b: Floette|Floette|Floettite\n|-ability|p2b: Floette|Fairy Aura\n|move|p2b: Floette|Dazzling Gleam|p1b: Sinistcha|[spread] p1a,p1b\n|-supereffective|p1a: Tyranitar|1\n|-damage|p1a: Tyranitar|41/100\n|-damage|p1b: Sinistcha|58/100\n|move|p1a: Tyranitar|Dragon Dance|p1a: Tyranitar\n|-boost|p1a: Tyranitar|atk|1\n|-boost|p1a: Tyranitar|spe|1\n|move|p2a: Incineroar|Will-O-Wisp|p1a: Tyranitar\n|-status|p1a: Tyranitar|brn\n|move|p1b: Sinistcha|Matcha Gotcha|p2a: Incineroar|[spread] p2a,p2b\n|-resisted|p2a: Incineroar|1\n|-damage|p2a: Incineroar|88/100\n|-heal|p1b: Sinistcha|65/100|[from] drain|[of] p2a: Incineroar\n|-damage|p2b: Floette|82/100\n|-heal|p1b: Sinistcha|74/100|[from] drain|[of] p2b: Floette\n|\n|-weather|Sandstorm|[upkeep]\n|-damage|p2b: Floette|77/100|[from] Sandstorm\n|-damage|p2a: Incineroar|82/100|[from] Sandstorm\n|-damage|p1b: Sinistcha|68/100|[from] Sandstorm\n|-damage|p1a: Tyranitar|35/100 brn|[from] brn\n|upkeep\n|turn|2\n|inactive|Jamstiffer has 30 seconds left.\n|inactive|Jamstiffer has 20 seconds left.\n|inactive|Jamstiffer has 15 seconds left.\n|-message|Jamstiffer forfeited.\n|\n|win|realcomrade379\n|l|\u2606Jamstiffer\n|player|p1|\n",
  "uploadtime": 1776014806,
  "views": 12,
  "formatid": "gen9championsvgc2026regma",
  "rating": null,
  "private": 0,
  "password": null
}