{
  "id": "gen9championsvgc2026regma-2585627327",
  "format": "[Gen 9 Champions] VGC 2026 Reg M-A",
  "players": [
    "DrizzleSwim",
    "lu3307"
  ],
  "log": "|j|\u2606DrizzleSwim\n|j|\u2606lu3307\n|t:|1776359809\n|gametype|doubles\n|player|p1|DrizzleSwim|265|1251\n|player|p2|lu3307|101|1238\n|gen|9\n|tier|[Gen 9 Champions] VGC 2026 Reg M-A\n|rated|\n|rule|Species Clause: Limit one of each Pok\u00e9mon\n|rule|Item Clause: Limit 1 of each item\n|clearpoke\n|poke|p1|Farigiraf, L50, M|\n|poke|p1|Sneasler, L50, M|\n|poke|p1|Whimsicott, L50, M|\n|poke|p1|Empoleon, L50, F|\n|poke|p1|Dragonite, L50, M|\n|poke|p1|Meganium, L50, F|\n|poke|p2|Pelipper, L50, F|\n|poke|p2|Dragonite, L50, F|\n|poke|p2|Archaludon, L50, M|\n|poke|p2|Starmie, L50|\n|poke|p2|Sableye, L50, F|\n|poke|p2|Basculegion-F, L50, F|\n|teampreview|4\n|inactive|Battle timer is ON: inactive players will automatically lose when time's up. (requested by DrizzleSwim)\n|inactive|DrizzleSwim has 60 seconds left.\n|inactive|lu3307 has 60 seconds left.\n|inactive|DrizzleSwim has 30 seconds left.\n|inactive|lu3307 has 30 seconds left.\n|inactive|DrizzleSwim has 20 seconds left.\n|inactive|lu3307 has 20 seconds left.\n|inactive|DrizzleSwim has 15 seconds left.\n|inactive|lu3307 has 15 seconds left.\n|inactive|DrizzleSwim has 10 seconds left.\n|inactive|lu3307 has 10 seconds left.\n|inactive|DrizzleSwim has 5 seconds left.\n|\n|t:|1776359895\n|teamsize|p1|4\n|teamsize|p2|4\n|start\n|switch|p1a: Sneasler|Sneasler, L50, M|100/100\n|switch|p1b: Meganium|Meganium, L50, F|100/100\n|switch|p2a: Sableye|Sableye, L50, F|100/100\n|switch|p2b: Starmie|Starmie, L50|100/100\n|turn|1\n|\n|t:|1776359918\n|detailschange|p2b: Starmie|Starmie-Mega, L50\n|-mega|p2b: Starmie|Starmie|Starminite\n|detailschange|p1b: Meganium|Meganium-Mega, L50, F\n|-mega|p1b: Meganium|Meganium|Meganiumite\n|move|p1a: Sneasler|Fake Out|p2b: Starmie\n|-damage|p2b: Starmie|82/100\n|move|p2a: Sableye|Fake Out|p1b: Meganium\n|-damage|p1b: Meganium|94/100\n|cant|p2b: Starmie|flinch\n|cant|p1b: Meganium|flinch\n|\n|upkeep\n|turn|2\n|inactive|DrizzleSwim has 30 seconds left.\n|inactive|lu3307 has 30 seconds left.\n|inactive|DrizzleSwim has 20 seconds left.\n|inactive|lu3307 has 20 seconds left.\n|inactive|DrizzleSwim has 15 seconds left.\n|inactive|lu3307 has 15 seconds left.\n|\n|t:|1776359963\n|switch|p1a: Whimsicott|Whimsicott, L50, M|100/100\n|move|p2a: Sableye|Encore||[still]\n|-fail|p2a: Sableye\n|move|p2b: Starmie|Self-Destruct|p1b: Meganium|[spread] p1a,p1b\n|-immune|p2a: Sableye\n|-enditem|p1a: Whimsicott|Focus Sash\n|-damage|p1a: Whimsicott|1/100\n|-damage|p1b: Meganium|19/100\n|faint|p2b: Starmie\n|move|p1b: Meganium|Dazzling Gleam|p2a: Sableye\n|-supereffective|p2a: Sableye|1\n|-enditem|p2a: Sableye|Focus Sash\n|-damage|p2a: Sableye|1/100\n|\n|upkeep\n|\n|t:|1776359980\n|switch|p2b: Archaludon|Archaludon, L50, M|100/100\n|turn|3\n|inactive|DrizzleSwim has 30 seconds left.\n|\n|t:|1776360012\n|switch|p1b: Farigiraf|Farigiraf, L50, M|100/100\n|move|p2a: Sableye|Quash||[still]\n|cant|p1b: Farigiraf|ability: Armor Tail|Quash|[of] p2a: Sableye\n|move|p1a: Whimsicott|Endeavor|p2b: Archaludon\n|-damage|p2b: Archaludon|1/100\n|-ability|p2b: Archaludon|Stamina|boost\n|-boost|p2b: Archaludon|def|1\n|move|p2b: Archaludon|Flash Cannon|p1b: Farigiraf\n|-damage|p1b: Farigiraf|47/100\n|\n|upkeep\n|turn|4\n|inactive|lu3307 has 30 seconds left.\n|inactive|lu3307 has 20 seconds left.\n|\n|t:|1776360049\n|switch|p2a: Pelipper|Pelipper, L50, F|100/100\n|-weather|RainDance|[from] ability: Drizzle|[of] p2a: Pelipper\n|move|p1a: Whimsicott|Tailwind|p1a: Whimsicott\n|-sidestart|p1: DrizzleSwim|move: Tailwind\n|move|p1b: Farigiraf|Dazzling Gleam|p2a: Pelipper|[spread] p2a,p2b\n|-damage|p2a: Pelipper|72/100\n|-damage|p2b: Archaludon|0 fnt\n|faint|p2b: Archaludon\n|\n|-weather|RainDance|[upkeep]\n|upkeep\n|\n|t:|1776360061\n|switch|p2b: Sableye|Sableye, L50, F|1/100\n|turn|5\n|-message|lu3307 forfeited.\n|\n|win|DrizzleSwim\n|raw|DrizzleSwim's rating: 1251 &rarr; <strong>1275</strong><br />(+24 for winning)\n|raw|lu3307's rating: 1238 &rarr; <strong>1214</strong><br />(-24 for losing)\n|l|\u2606lu3307\n|player|p2|\n",
  "uploadtime": 1776360076,
  "views": 23,
  "formatid": "gen9championsvgc2026regma",
  "rating": 1214,
  "private": 0,
  "password": null
}