{
  "id": "gen9championsvgc2026regma-2584708943",
  "format": "[Gen 9 Champions] VGC 2026 Reg M-A",
  "players": [
    "KogaAF1219",
    "peachykeane"
  ],
  "log": "|j|\u2606KogaAF1219\n|j|\u2606peachykeane\n|t:|1776278222\n|gametype|doubles\n|player|p1|KogaAF1219|koga|1302\n|player|p2|peachykeane|cowgirl|1328\n|gen|9\n|tier|[Gen 9 Champions] VGC 2026 Reg M-A\n|rated|\n|rule|Species Clause: Limit one of each Pok\u00e9mon\n|rule|Item Clause: Limit 1 of each item\n|clearpoke\n|poke|p1|Torkoal, L50, F|\n|poke|p1|Venusaur, L50, M|\n|poke|p1|Incineroar, L50, F|\n|poke|p1|Farigiraf, L50, F|\n|poke|p1|Rotom-Fan, L50|\n|poke|p1|Excadrill, L50, F|\n|poke|p2|Archaludon, L50, M|\n|poke|p2|Pelipper, L50, F|\n|poke|p2|Meganium, L50, M|\n|poke|p2|Incineroar, L50, F|\n|poke|p2|Basculegion, L50, M|\n|poke|p2|Sneasler, L50, M|\n|teampreview|4\n|j| thatsaltyguy\n|\n|t:|1776278256\n|teamsize|p1|4\n|teamsize|p2|4\n|start\n|switch|p1a: Rotom|Rotom-Fan, L50|100/100\n|switch|p1b: Excadrill|Excadrill, L50, F|100/100\n|switch|p2a: Incineroar|Incineroar, L50, F|100/100\n|switch|p2b: Sneasler|Sneasler, L50, M|100/100\n|-ability|p1b: Excadrill|Mold Breaker\n|-ability|p2a: Incineroar|Intimidate|boost\n|-unboost|p1a: Rotom|atk|1\n|-unboost|p1b: Excadrill|atk|1\n|turn|1\n|\n|t:|1776278292\n|switch|p1a: Farigiraf|Farigiraf, L50, F|100/100\n|move|p2a: Incineroar|Fake Out||[still]\n|cant|p1a: Farigiraf|ability: Armor Tail|Fake Out|[of] p2a: Incineroar\n|move|p2b: Sneasler|Close Combat|p1b: Excadrill\n|-supereffective|p1b: Excadrill|1\n|-enditem|p1b: Excadrill|Focus Sash\n|-damage|p1b: Excadrill|1/100\n|-unboost|p2b: Sneasler|def|1\n|-unboost|p2b: Sneasler|spd|1\n|-enditem|p2b: Sneasler|White Herb\n|-clearnegativeboost|p2b: Sneasler|[silent]\n|move|p1b: Excadrill|Earthquake|p2b: Sneasler|[spread] p1a,p2a,p2b\n|-supereffective|p2a: Incineroar|1\n|-supereffective|p2b: Sneasler|1\n|-damage|p1a: Farigiraf|73/100\n|-damage|p2a: Incineroar|46/100\n|-damage|p2b: Sneasler|18/100\n|\n|upkeep\n|turn|2\n|l| thatsaltyguy\n|\n|t:|1776278313\n|move|p2b: Sneasler|Throat Chop|p1a: Farigiraf\n|-supereffective|p1a: Farigiraf|1\n|-crit|p1a: Farigiraf\n|-enditem|p1a: Farigiraf|Colbur Berry|[eat]\n|-enditem|p1a: Farigiraf|Colbur Berry|[weaken]\n|-damage|p1a: Farigiraf|27/100\n|-start|p1a: Farigiraf|Throat Chop|[silent]\n|move|p1b: Excadrill|Earthquake|p2a: Incineroar|[spread] p1a,p2a,p2b\n|-crit|p1a: Farigiraf\n|-supereffective|p2a: Incineroar|1\n|-supereffective|p2b: Sneasler|1\n|-damage|p1a: Farigiraf|0 fnt\n|-damage|p2a: Incineroar|0 fnt\n|-damage|p2b: Sneasler|0 fnt\n|faint|p1a: Farigiraf\n|faint|p2a: Incineroar\n|faint|p2b: Sneasler\n|\n|upkeep\n|\n|t:|1776278322\n|switch|p2b: Meganium|Meganium, L50, M|100/100\n|switch|p2a: Pelipper|Pelipper, L50, F, shiny|100/100\n|switch|p1a: Rotom|Rotom-Fan, L50|100/100\n|-weather|RainDance|[from] ability: Drizzle|[of] p2a: Pelipper\n|turn|3\n|inactive|Battle timer is ON: inactive players will automatically lose when time's up. (requested by KogaAF1219)\n|\n|t:|1776278342\n|move|p1a: Rotom|Volt Switch|p2a: Pelipper\n|-supereffective|p2a: Pelipper|2\n|-enditem|p2a: Pelipper|Focus Sash\n|-damage|p2a: Pelipper|1/100\n|\n|t:|1776278345\n|switch|p1a: Torkoal|Torkoal, L50, F|100/100|[from] Volt Switch\n|-weather|SunnyDay|[from] ability: Drought|[of] p1a: Torkoal\n|move|p1b: Excadrill|Iron Head|p2a: Pelipper\n|-resisted|p2a: Pelipper|1\n|-damage|p2a: Pelipper|0 fnt\n|faint|p2a: Pelipper\n|move|p2b: Meganium|Dazzling Gleam|p1a: Torkoal|[spread] p1a,p1b\n|-resisted|p1a: Torkoal|1\n|-resisted|p1b: Excadrill|1\n|-damage|p1a: Torkoal|89/100\n|-damage|p1b: Excadrill|0 fnt\n|faint|p1b: Excadrill\n|\n|-weather|SunnyDay|[upkeep]\n|upkeep\n|\n|t:|1776278347\n|switch|p1b: Rotom|Rotom-Fan, L50|100/100\n|turn|4\n|\n|t:|1776278355\n|detailschange|p2b: Meganium|Meganium-Mega, L50, M\n|-mega|p2b: Meganium|Meganium|Meganiumite\n|move|p1b: Rotom|Air Slash|p2b: Meganium\n|-supereffective|p2b: Meganium|1\n|-damage|p2b: Meganium|51/100\n|cant|p2b: Meganium|flinch\n|move|p1a: Torkoal|Eruption|p2b: Meganium\n|-supereffective|p2b: Meganium|1\n|-damage|p2b: Meganium|0 fnt\n|faint|p2b: Meganium\n|\n|win|KogaAF1219\n|raw|KogaAF1219's rating: 1302 &rarr; <strong>1323</strong><br />(+21 for winning)\n|raw|peachykeane's rating: 1328 &rarr; <strong>1307</strong><br />(-21 for losing)\n|l|\u2606peachykeane\n|player|p2|\n",
  "uploadtime": 1776278361,
  "views": 42,
  "formatid": "gen9championsvgc2026regma",
  "rating": 1307,
  "private": 0,
  "password": null
}