{
  "id": "gen9championsvgc2026regma-2587214634",
  "format": "[Gen 9 Champions] VGC 2026 Reg M-A",
  "players": [
    "SphealGoodMoment",
    "Cewa"
  ],
  "log": "|j|\u2606SphealGoodMoment\n|j|\u2606Cewa\n|t:|1776509958\n|gametype|doubles\n|player|p1|SphealGoodMoment|nemona-s|1122\n|player|p2|Cewa|alder|1176\n|gen|9\n|tier|[Gen 9 Champions] VGC 2026 Reg M-A\n|rated|\n|rule|Species Clause: Limit one of each Pok\u00e9mon\n|rule|Item Clause: Limit 1 of each item\n|clearpoke\n|poke|p1|Aerodactyl, L50, F|\n|poke|p1|Garchomp, L50, M|\n|poke|p1|Froslass, L50, F|\n|poke|p1|Sneasler, L50, F|\n|poke|p1|Basculegion, L50, M|\n|poke|p1|Kingambit, L50, M|\n|poke|p2|Camerupt, L50, M, shiny|\n|poke|p2|Whimsicott, L50, M, shiny|\n|poke|p2|Aggron, L50, F|\n|poke|p2|Milotic, L50, F|\n|poke|p2|Gallade, L50, M|\n|poke|p2|Polteageist-Antique, L50, shiny|\n|teampreview|4\n|\n|t:|1776509994\n|teamsize|p1|4\n|teamsize|p2|4\n|start\n|switch|p1a: Aerodactyl|Aerodactyl, L50, F|100/100\n|switch|p1b: Garchomp|Garchomp, L50, M|100/100\n|switch|p2a: Gallade|Gallade, L50, M|100/100\n|switch|p2b: Camerupt|Camerupt, L50, M, shiny|100/100\n|-ability|p1a: Aerodactyl|Unnerve\n|turn|1\n|inactive|Battle timer is ON: inactive players will automatically lose when time's up. (requested by SphealGoodMoment)\n|\n|t:|1776510014\n|detailschange|p2b: Camerupt|Camerupt-Mega, L50, M, shiny\n|-mega|p2b: Camerupt|Camerupt|Cameruptite\n|move|p2b: Camerupt|Protect|p2b: Camerupt\n|-singleturn|p2b: Camerupt|Protect\n|move|p1a: Aerodactyl|Dual Wingbeat|p2a: Gallade\n|-supereffective|p2a: Gallade|1\n|-damage|p2a: Gallade|51/100\n|-supereffective|p2a: Gallade|1\n|-damage|p2a: Gallade|2/100\n|-hitcount|p2a: Gallade|2\n|move|p1b: Garchomp|Earthquake|p2b: Camerupt|[spread] p2a\n|-activate|p2b: Camerupt|move: Protect\n|-immune|p1a: Aerodactyl\n|-damage|p2a: Gallade|0 fnt\n|faint|p2a: Gallade\n|\n|upkeep\n|\n|t:|1776510025\n|switch|p2a: Milotic|Milotic, L50, F|100/100\n|turn|2\n|\n|t:|1776510033\n|move|p1a: Aerodactyl|Rock Slide|p2a: Milotic|[spread] p2a,p2b\n|-damage|p2a: Milotic|75/100\n|-damage|p2b: Camerupt|72/100\n|move|p1b: Garchomp|Earthquake|p2b: Camerupt|[spread] p2a,p2b\n|-immune|p1a: Aerodactyl\n|-supereffective|p2b: Camerupt|1\n|-damage|p2a: Milotic|23/100\n|-damage|p2b: Camerupt|0 fnt\n|faint|p2b: Camerupt\n|cant|p2a: Milotic|flinch\n|\n|-heal|p2a: Milotic|29/100|[from] item: Leftovers\n|upkeep\n|\n|t:|1776510038\n|switch|p2b: Polteageist|Polteageist-Antique, L50, shiny|100/100\n|turn|3\n|\n|t:|1776510048\n|move|p1a: Aerodactyl|Rock Slide|p2a: Milotic|[spread] p2a,p2b\n|-damage|p2a: Milotic|0 fnt\n|-damage|p2b: Polteageist|55/100\n|-ability|p2b: Polteageist|Weak Armor|boost\n|-unboost|p2b: Polteageist|def|1\n|-boost|p2b: Polteageist|spe|2\n|faint|p2a: Milotic\n|-enditem|p2b: Polteageist|White Herb\n|-clearnegativeboost|p2b: Polteageist|[silent]\n|cant|p2b: Polteageist|flinch\n|move|p1b: Garchomp|Earthquake|p2b: Polteageist|[spread] p2b\n|-immune|p1a: Aerodactyl\n|-damage|p2b: Polteageist|0 fnt\n|faint|p2b: Polteageist\n|\n|win|SphealGoodMoment\n|raw|SphealGoodMoment's rating: 1122 &rarr; <strong>1151</strong><br />(+29 for winning)\n|raw|Cewa's rating: 1176 &rarr; <strong>1147</strong><br />(-29 for losing)\n",
  "uploadtime": 1776510077,
  "views": 13,
  "formatid": "gen9championsvgc2026regma",
  "rating": 1147,
  "private": 0,
  "password": null
}