{
  "id": "gen9championsvgc2026regma-2583675357",
  "format": "[Gen 9 Champions] VGC 2026 Reg M-A",
  "players": [
    "lucena11",
    "KhaZixComedor"
  ],
  "log": "|j|\u2606lucena11\n|j|\u2606KhaZixComedor\n|t:|1776190318\n|gametype|doubles\n|player|p1|lucena11|1|1108\n|player|p2|KhaZixComedor|hilbert|1107\n|gen|9\n|tier|[Gen 9 Champions] VGC 2026 Reg M-A\n|rated|\n|rule|Species Clause: Limit one of each Pok\u00e9mon\n|rule|Item Clause: Limit 1 of each item\n|clearpoke\n|poke|p1|Basculegion, L50, M|\n|poke|p1|Incineroar, L50, F|\n|poke|p1|Froslass, L50, F|\n|poke|p1|Orthworm, L50, M|\n|poke|p1|Garchomp, L50, M|\n|poke|p1|Rotom-Frost, L50|\n|poke|p2|Charizard, L50, M|\n|poke|p2|Garchomp, L50, F|\n|poke|p2|Kingambit, L50, F|\n|poke|p2|Vivillon, L50, M|\n|poke|p2|Milotic, L50, F|\n|poke|p2|Clefable, L50, M|\n|teampreview|4\n|\n|t:|1776190349\n|teamsize|p1|4\n|teamsize|p2|4\n|start\n|switch|p1a: Orthworm|Orthworm, L50, M|100/100\n|switch|p1b: Garchomp|Garchomp, L50, M|100/100\n|switch|p2a: Milotic|Milotic, L50, F|100/100\n|switch|p2b: Charizard|Charizard, L50, M|100/100\n|turn|1\n|\n|t:|1776190381\n|detailschange|p2b: Charizard|Charizard-Mega-X, L50, M\n|-mega|p2b: Charizard|Charizard|Charizardite X\n|move|p1b: Garchomp|Rock Slide|p2a: Milotic|[spread] p2a,p2b\n|-supereffective|p2b: Charizard|1\n|-damage|p2a: Milotic|73/100\n|-damage|p2b: Charizard|51/100\n|move|p2b: Charizard|Dragon Claw|p1b: Garchomp\n|-supereffective|p1b: Garchomp|1\n|-enditem|p1b: Garchomp|Focus Sash\n|-damage|p1b: Garchomp|1/100\n|-damage|p2b: Charizard|39/100|[from] ability: Rough Skin|[of] p1b: Garchomp\n|cant|p2a: Milotic|flinch\n|move|p1a: Orthworm|Shed Tail|p1a: Orthworm\n|-start|p1a: Orthworm|Substitute|[from] move: Shed Tail\n|-damage|p1a: Orthworm|50/100\n|-enditem|p1a: Orthworm|Sitrus Berry|[eat]\n|-heal|p1a: Orthworm|75/100|[from] item: Sitrus Berry\n|\n|t:|1776190396\n|switch|p1a: Froslass|Froslass, L50, F, shiny|100/100|[from] Shed Tail\n|\n|upkeep\n|turn|2\n|\n|t:|1776190452\n|detailschange|p1a: Froslass|Froslass-Mega, L50, F, shiny\n|-mega|p1a: Froslass|Froslass|Froslassite\n|-weather|Snowscape|[from] ability: Snow Warning|[of] p1a: Froslass\n|move|p1b: Garchomp|Protect|p1b: Garchomp\n|-singleturn|p1b: Garchomp|Protect\n|move|p2b: Charizard|Protect|p2b: Charizard\n|-singleturn|p2b: Charizard|Protect\n|move|p1a: Froslass|Nasty Plot|p1a: Froslass\n|-boost|p1a: Froslass|spa|2\n|move|p2a: Milotic|Scald|p1a: Froslass\n|-end|p1a: Froslass|Substitute\n|\n|-weather|Snowscape|[upkeep]\n|upkeep\n|turn|3\n|\n|t:|1776190485\n|move|p1a: Froslass|Blizzard|p2a: Milotic|[spread] p2a,p2b\n|-resisted|p2a: Milotic|1\n|-damage|p2a: Milotic|32/100\n|-damage|p2b: Charizard|0 fnt\n|faint|p2b: Charizard\n|move|p1b: Garchomp|Rock Slide|p2a: Milotic\n|-damage|p2a: Milotic|0 fnt\n|faint|p2a: Milotic\n|\n|-weather|Snowscape|[upkeep]\n|upkeep\n|\n|t:|1776190494\n|switch|p2b: Vivillon|Vivillon, L50, M|100/100\n|switch|p2a: Garchomp|Garchomp, L50, F|100/100\n|turn|4\n|-message|KhaZixComedor forfeited.\n|\n|win|lucena11\n|raw|lucena11's rating: 1108 &rarr; <strong>1133</strong><br />(+25 for winning)\n|raw|KhaZixComedor's rating: 1107 &rarr; <strong>1082</strong><br />(-25 for losing)\n|l|\u2606KhaZixComedor\n|player|p2|\n",
  "uploadtime": 1776190528,
  "views": 15,
  "formatid": "gen9championsvgc2026regma",
  "rating": 1082,
  "private": 0,
  "password": null
}