{
  "id": "gen9championsvgc2026regma-2585755016",
  "format": "[Gen 9 Champions] VGC 2026 Reg M-A",
  "players": [
    "Phillip Blevin",
    "fzjvr"
  ],
  "log": "|j|\u2606Phillip Blevin\n|j|\u2606fzjvr\n|t:|1776368333\n|gametype|doubles\n|player|p1|Phillip Blevin|cynthia-masters4|1318\n|player|p2|fzjvr|bruno|1250\n|gen|9\n|tier|[Gen 9 Champions] VGC 2026 Reg M-A\n|rated|\n|rule|Species Clause: Limit one of each Pok\u00e9mon\n|rule|Item Clause: Limit 1 of each item\n|clearpoke\n|poke|p1|Whimsicott, L50, F|\n|poke|p1|Corviknight, L50, M|\n|poke|p1|Garchomp, L50, M|\n|poke|p1|Arcanine-Hisui, L50, M|\n|poke|p1|Froslass, L50, F|\n|poke|p1|Rotom-Wash, L50|\n|poke|p2|Froslass, L50, F|\n|poke|p2|Incineroar, L50, F|\n|poke|p2|Garchomp, L50, M|\n|poke|p2|Rotom-Frost, L50|\n|poke|p2|Empoleon, L50, M|\n|poke|p2|Kingambit, L50, M|\n|teampreview|4\n|inactive|Battle timer is ON: inactive players will automatically lose when time's up. (requested by Phillip Blevin)\nPhillip Blevin has agreed to open team sheets.\n|inactive|Phillip Blevin has 60 seconds left.\n|inactive|fzjvr has 60 seconds left.\n|\n|t:|1776368382\n|teamsize|p1|4\n|teamsize|p2|4\n|start\n|switch|p1a: Arcanine|Arcanine-Hisui, L50, M|100/100\n|switch|p1b: Rotom|Rotom-Wash, L50|100/100\n|switch|p2a: Incineroar|Incineroar, L50, F|100/100\n|switch|p2b: Rotom|Rotom-Frost, L50|100/100\n|-ability|p1a: Arcanine|Intimidate|boost\n|-unboost|p2a: Incineroar|atk|1\n|-unboost|p2b: Rotom|atk|1\n|-ability|p2a: Incineroar|Intimidate|boost\n|-unboost|p1a: Arcanine|atk|1\n|-unboost|p1b: Rotom|atk|1\n|-enditem|p1a: Arcanine|White Herb\n|-clearnegativeboost|p1a: Arcanine|[silent]\n|turn|1\n|\n|t:|1776368398\n|move|p1a: Arcanine|Protect|p1a: Arcanine\n|-singleturn|p1a: Arcanine|Protect\n|move|p2a: Incineroar|Fake Out|p1a: Arcanine\n|-activate|p1a: Arcanine|move: Protect\n|move|p1b: Rotom|Electroweb|p2b: Rotom|[spread] p2a,p2b\n|-resisted|p2b: Rotom|1\n|-damage|p2a: Incineroar|87/100\n|-damage|p2b: Rotom|91/100\n|-unboost|p2a: Incineroar|spe|1\n|-unboost|p2b: Rotom|spe|1\n|move|p2b: Rotom|Volt Switch|p1b: Rotom\n|-damage|p1b: Rotom|65/100\n|\n|t:|1776368408\n|switch|p2b: Empoleon|Empoleon, L50, M|100/100|[from] Volt Switch\n|\n|upkeep\n|turn|2\n|inactive|Phillip Blevin has 30 seconds left.\n|\n|t:|1776368434\n|move|p1b: Rotom|Electroweb|p2b: Empoleon|[spread] p2a,p2b\n|-supereffective|p2b: Empoleon|1\n|-damage|p2a: Incineroar|73/100\n|-damage|p2b: Empoleon|72/100\n|-unboost|p2a: Incineroar|spe|1\n|-unboost|p2b: Empoleon|spe|1\n|-ability|p2b: Empoleon|Competitive|boost\n|-boost|p2b: Empoleon|spa|2\n|move|p1a: Arcanine|Flare Blitz|p2b: Empoleon\n|-damage|p2b: Empoleon|7/100\n|-damage|p1a: Arcanine|76/100|[from] Recoil\n|move|p2b: Empoleon|Water Pulse|p1a: Arcanine\n|-supereffective|p1a: Arcanine|2\n|-damage|p1a: Arcanine|0 fnt\n|faint|p1a: Arcanine\n|move|p2a: Incineroar|Parting Shot|p1b: Rotom\n|-unboost|p1b: Rotom|atk|1\n|-unboost|p1b: Rotom|spa|1\n|inactive|fzjvr has 30 seconds left.\n|\n|t:|1776368465\n|switch|p2a: Froslass|Froslass, L50, F|100/100|[from] Parting Shot\n|\n|-heal|p2b: Empoleon|13/100|[from] item: Leftovers\n|upkeep\n|\n|t:|1776368470\n|switch|p1a: Froslass|Froslass, L50, F|100/100\n|turn|3\n|\n|t:|1776368478\n|detailschange|p1a: Froslass|Froslass-Mega, L50, F\n|-mega|p1a: Froslass|Froslass|Froslassite\n|-weather|Snowscape|[from] ability: Snow Warning|[of] p1a: Froslass\n|detailschange|p2a: Froslass|Froslass-Mega, L50, F\n|-mega|p2a: Froslass|Froslass|Froslassite\n|move|p2b: Empoleon|Protect|p2b: Empoleon\n|-singleturn|p2b: Empoleon|Protect\n|move|p1b: Rotom|Electroweb|p2a: Froslass|[spread] p2a\n|-activate|p2b: Empoleon|move: Protect\n|-damage|p2a: Froslass|90/100\n|-unboost|p2a: Froslass|spe|1\n|move|p1a: Froslass|Shadow Ball|p2a: Froslass\n|-supereffective|p2a: Froslass|1\n|-damage|p2a: Froslass|0 fnt\n|faint|p2a: Froslass\n|\n|-weather|Snowscape|[upkeep]\n|-heal|p2b: Empoleon|19/100|[from] item: Leftovers\n|upkeep\n|\n|t:|1776368489\n|switch|p2a: Incineroar|Incineroar, L50, F|73/100\n|-ability|p2a: Incineroar|Intimidate|boost\n|-unboost|p1a: Froslass|atk|1\n|-unboost|p1b: Rotom|atk|1\n|turn|4\n|\n|t:|1776368496\n|move|p1a: Froslass|Protect|p1a: Froslass\n|-singleturn|p1a: Froslass|Protect\n|move|p1b: Rotom|Electroweb|p2a: Incineroar|[spread] p2a,p2b\n|-crit|p2a: Incineroar\n|-supereffective|p2b: Empoleon|1\n|-damage|p2a: Incineroar|52/100\n|-damage|p2b: Empoleon|0 fnt\n|-unboost|p2a: Incineroar|spe|1\n|faint|p2b: Empoleon\n|move|p2a: Incineroar|Darkest Lariat|p1a: Froslass\n|-activate|p1a: Froslass|move: Protect\n|\n|-weather|Snowscape|[upkeep]\n|upkeep\n|-message|fzjvr forfeited.\n|\n|win|Phillip Blevin\n|raw|Phillip Blevin's rating: 1318 &rarr; <strong>1334</strong><br />(+16 for winning)\n|raw|fzjvr's rating: 1250 &rarr; <strong>1230</strong><br />(-20 for losing)\n",
  "uploadtime": 1776368500,
  "views": 22,
  "formatid": "gen9championsvgc2026regma",
  "rating": 1230,
  "private": 0,
  "password": null
}