{
  "id": "gen9championsvgc2026regma-2582143281",
  "format": "[Gen 9 Champions] VGC 2026 Reg M-A",
  "players": [
    "speedyturtle87",
    "hatsune p2"
  ],
  "log": "|j|\u2606speedyturtle87\n|j|\u2606hatsune p2\n|t:|1776063562\n|gametype|doubles\n|player|p1|speedyturtle87|canari|\n|player|p2|hatsune p2|miku-fairy|\n|gen|9\n|tier|[Gen 9 Champions] VGC 2026 Reg M-A\n|rated|Tournament battle\n|rule|Species Clause: Limit one of each Pok\u00e9mon\n|rule|Item Clause: Limit 1 of each item\n|raw|<div class=\"infobox\"><details class=\"readmore\" open><summary><strong>1 custom rule:</strong></summary> Force Open Team Sheets</details></div>\n|clearpoke\n|poke|p1|Hatterene, L50, F|\n|poke|p1|Oranguru, L50, F|\n|poke|p1|Golurk, L50|\n|poke|p1|Clefable, L50, M|\n|poke|p1|Hydreigon, L50, M|\n|poke|p1|Torkoal, L50, M|\n|poke|p2|Crabominable, L50, M|\n|poke|p2|Farigiraf, L50, F|\n|poke|p2|Drampa, L50, M|\n|poke|p2|Araquanid, L50, M|\n|poke|p2|Rotom-Heat, L50|\n|poke|p2|Slowking-Galar, L50, M|\n|teampreview|4\n|showteam|p1|Hatterene||FairyFeather|MagicBounce|Protect,Psychic,TrickRoom,DazzlingGleam|||F|||50|]Oranguru||MentalHerb|InnerFocus|Protect,Instruct,Psychic,TrickRoom|||F|||50|]Golurk||Golurkite|IronFist|Protect,ThunderPunch,HeadlongRush,DrainPunch||||||50|]Clefable||FocusSash|Unaware|Moonblast,HelpingHand,FollowMe,Protect|||M|||50|]Hydreigon||ChoiceScarf|Levitate|DracoMeteor,DarkPulse,HeatWave,FlashCannon|||M|||50|]Torkoal||Charcoal|Drought|Eruption,Protect,EarthPower,HeatWave|||M|||50|\n|showteam|p2|Crabominable||Crabominite|HyperCutter|DrainPunch,IceHammer,RockSlide,Protect|||M|||50|]Farigiraf||MentalHerb|ArmorTail|Psyshock,TrickRoom,HelpingHand,LightScreen|||F|||50|]Drampa||Leftovers|CloudNine|CalmMind,DragonPulse,HeatWave,Protect|||M|||50|]Araquanid||WhiteHerb|WaterBubble|Liquidation,LeechLife,WideGuard,Protect|||M|||50|]Rotom-Heat||SitrusBerry|Levitate|VoltSwitch,Overheat,EerieImpulse,Thunderbolt||||||50|]Slowking-Galar||ColburBerry|Regenerator|ChillyReception,TrickRoom,SludgeBomb,PsychicNoise|||M|||50|\n|inactive|Battle timer is ON: inactive players will automatically lose when time's up. (requested by speedyturtle87)\n|j| mysticmarshtomp\n|c|\u2606hatsune p2|GLHF\n|c|\u2606speedyturtle87|glhf\n|inactive|speedyturtle87 has 60 seconds left.\n|inactive|hatsune p2 has 60 seconds left.\n|inactive|hatsune p2 has 30 seconds left.\n|\n|t:|1776063625\n|teamsize|p1|4\n|teamsize|p2|4\n|start\n|switch|p1a: Hydreigon|Hydreigon, L50, M|100/100\n|switch|p1b: Oranguru|Oranguru, L50, F|100/100\n|switch|p2a: Farigiraf|Farigiraf, L50, F|100/100\n|switch|p2b: Araquanid|Araquanid, L50, M|100/100\n|turn|1\n|l| mysticmarshtomp\n|\n|t:|1776063644\n|switch|p2a: Crabominable|Crabominable, L50, M|100/100\n|move|p1a: Hydreigon|Dark Pulse|p2a: Crabominable\n|-resisted|p2a: Crabominable|1\n|-damage|p2a: Crabominable|78/100\n|move|p1b: Oranguru|Instruct|p1a: Hydreigon\n|-singleturn|p1a: Hydreigon|move: Instruct|[of] p1b: Oranguru\n|move|p1a: Hydreigon|Dark Pulse|p2a: Crabominable\n|-resisted|p2a: Crabominable|1\n|-damage|p2a: Crabominable|55/100\n|move|p2b: Araquanid|Liquidation|p1b: Oranguru\n|-crit|p1b: Oranguru\n|-damage|p1b: Oranguru|11/100\n|\n|upkeep\n|turn|2\n|\n|t:|1776063670\n|detailschange|p2a: Crabominable|Crabominable-Mega, L50, M\n|-mega|p2a: Crabominable|Crabominable|Crabominite\n|move|p1b: Oranguru|Protect|p1b: Oranguru\n|-singleturn|p1b: Oranguru|Protect\n|move|p1a: Hydreigon|Dark Pulse|p2b: Araquanid\n|-damage|p2b: Araquanid|69/100\n|move|p2b: Araquanid|Leech Life|p1b: Oranguru\n|-activate|p1b: Oranguru|move: Protect\n|move|p2a: Crabominable|Ice Hammer|p1a: Hydreigon\n|-supereffective|p1a: Hydreigon|1\n|-damage|p1a: Hydreigon|0 fnt\n|-unboost|p2a: Crabominable|spe|1\n|faint|p1a: Hydreigon\n|\n|upkeep\n|\n|t:|1776063679\n|switch|p1a: Torkoal|Torkoal, L50, M|100/100\n|-weather|SunnyDay|[from] ability: Drought|[of] p1a: Torkoal\n|turn|3\n|\n|t:|1776063691\n|switch|p2a: Rotom|Rotom-Heat, L50|100/100\n|move|p1b: Oranguru|Psychic|p2b: Araquanid\n|-damage|p2b: Araquanid|43/100\n|move|p2b: Araquanid|Leech Life|p1b: Oranguru\n|-supereffective|p1b: Oranguru|1\n|-damage|p1b: Oranguru|0 fnt\n|-heal|p2b: Araquanid|49/100|[from] drain|[of] p1b: Oranguru\n|faint|p1b: Oranguru\n|move|p1a: Torkoal|Heat Wave|p2b: Araquanid|[spread] p2b\n|-miss|p1a: Torkoal|p2a: Rotom\n|-damage|p2b: Araquanid|28/100\n|\n|-weather|SunnyDay|[upkeep]\n|upkeep\n|\n|t:|1776063699\n|switch|p1b: Hatterene|Hatterene, L50, F|100/100\n|turn|4\n|\n|t:|1776063715\n|move|p2a: Rotom|Overheat|p1b: Hatterene\n|-damage|p1b: Hatterene|13/100\n|-unboost|p2a: Rotom|spa|2\n|move|p2b: Araquanid|Leech Life|p1b: Hatterene\n|-damage|p1b: Hatterene|0 fnt\n|-heal|p2b: Araquanid|34/100|[from] drain|[of] p1b: Hatterene\n|faint|p1b: Hatterene\n|move|p1a: Torkoal|Heat Wave|p2a: Rotom|[spread] p2a,p2b\n|-resisted|p2a: Rotom|1\n|-damage|p2a: Rotom|71/100\n|-damage|p2b: Araquanid|11/100\n|\n|-weather|SunnyDay|[upkeep]\n|upkeep\n|turn|5\n|\n|t:|1776063722\n|move|p2b: Araquanid|Wide Guard|p2b: Araquanid\n|-singleturn|p2b: Araquanid|Wide Guard\n|move|p2a: Rotom|Eerie Impulse|p1a: Torkoal\n|-unboost|p1a: Torkoal|spa|2\n|move|p1a: Torkoal|Heat Wave|p2b: Araquanid|[spread] \n|-activate|p2a: Rotom|move: Wide Guard\n|-activate|p2b: Araquanid|move: Wide Guard\n|\n|-weather|SunnyDay|[upkeep]\n|upkeep\n|turn|6\n|c|\u2606speedyturtle87|ggwp\n|-message|speedyturtle87 forfeited.\n|\n|win|hatsune p2\n|n|\u2606speedyturtle87|speedyturtle87\n|n|\u2606hatsune p2|hatsunep2\n|c|\u2606hatsune p2|gg\n",
  "uploadtime": 1776063737,
  "views": 11,
  "formatid": "gen9championsvgc2026regma",
  "rating": null,
  "private": 0,
  "password": null
}