{
  "id": "gen9championsvgc2026regma-2585942434",
  "format": "[Gen 9 Champions] VGC 2026 Reg M-A",
  "players": [
    "BidenBlastinOffAgn",
    "Ridin On"
  ],
  "log": "|j|\u2606BidenBlastinOffAgn\n|j|\u2606Ridin On\n|t:|1776383590\n|gametype|doubles\n|player|p1|BidenBlastinOffAgn|266|1113\n|player|p2|Ridin On|brycenman|1139\n|gen|9\n|tier|[Gen 9 Champions] VGC 2026 Reg M-A\n|rated|\n|rule|Species Clause: Limit one of each Pok\u00e9mon\n|rule|Item Clause: Limit 1 of each item\n|clearpoke\n|poke|p1|Lopunny, L50, M|\n|poke|p1|Archaludon, L50, F|\n|poke|p1|Rotom-Wash, L50|\n|poke|p1|Pelipper, L50, F|\n|poke|p1|Farigiraf, L50, M|\n|poke|p1|Drampa, L50, M|\n|poke|p2|Golurk, L50|\n|poke|p2|Kingambit, L50, M|\n|poke|p2|Farigiraf, L50, M|\n|poke|p2|Sneasler, L50, M|\n|poke|p2|Dragonite, L50, M|\n|poke|p2|Milotic, L50, M|\n|teampreview|4\n|\n|t:|1776383630\n|teamsize|p1|4\n|teamsize|p2|4\n|start\n|switch|p1a: P|Pelipper, L50, F|100/100\n|switch|p1b: A|Archaludon, L50, F|100/100\n|switch|p2a: Farigiraf|Farigiraf, L50, M|100/100\n|switch|p2b: Dragonite|Dragonite, L50, M|100/100\n|-weather|RainDance|[from] ability: Drizzle|[of] p1a: P\n|turn|1\n|\n|t:|1776383670\n|move|p1a: P|U-turn|p2b: Dragonite\n|-resisted|p2b: Dragonite|1\n|-damage|p2b: Dragonite|96/100\n|\n|t:|1776383674\n|switch|p1a: Farigiraf|Farigiraf, L50, M|100/100|[from] U-turn\n|move|p2b: Dragonite|Tailwind|p2b: Dragonite\n|-sidestart|p2: Ridin On|move: Tailwind\n|move|p2a: Farigiraf|Psychic|p1a: Farigiraf\n|-resisted|p1a: Farigiraf|1\n|-damage|p1a: Farigiraf|88/100\n|move|p1b: A|Draco Meteor|p2b: Dragonite\n|-supereffective|p2b: Dragonite|1\n|-damage|p2b: Dragonite|0 fnt\n|-unboost|p1b: A|spa|2\n|faint|p2b: Dragonite\n|-enditem|p1b: A|White Herb\n|-clearnegativeboost|p1b: A|[silent]\n|\n|-weather|RainDance|[upkeep]\n|upkeep\n|\n|t:|1776383684\n|switch|p2b: Sneasler|Sneasler, L50, M|100/100\n|turn|2\n|\n|t:|1776383693\n|move|p2b: Sneasler|Protect|p2b: Sneasler\n|-singleturn|p2b: Sneasler|Protect\n|move|p1b: A|Protect|p1b: A\n|-singleturn|p1b: A|Protect\n|move|p2a: Farigiraf|Low Kick|p1b: A\n|-activate|p1b: A|move: Protect\n|move|p1a: Farigiraf|Trick Room|p1a: Farigiraf\n|-fieldstart|move: Trick Room|[of] p1a: Farigiraf\n|\n|-weather|RainDance|[upkeep]\n|upkeep\n|turn|3\n|\n|t:|1776383708\n|switch|p2b: Milotic|Milotic, L50, M|100/100\n|move|p1a: Farigiraf|Hyper Voice|p2b: Milotic|[spread] p2a,p2b\n|-damage|p2a: Farigiraf|83/100\n|-damage|p2b: Milotic|83/100\n|move|p1b: A|Electro Shot||[still]\n|-prepare|p1b: A|Electro Shot\n|-boost|p1b: A|spa|1\n|-anim|p1b: A|Electro Shot|p2b: Milotic\n|-supereffective|p2b: Milotic|1\n|-damage|p2b: Milotic|9/100\n|move|p2a: Farigiraf|Low Kick|p1b: A\n|-supereffective|p1b: A|1\n|-damage|p1b: A|76/100\n|-ability|p1b: A|Stamina|boost\n|-boost|p1b: A|def|1\n|\n|-weather|RainDance|[upkeep]\n|-heal|p2b: Milotic|15/100|[from] item: Leftovers\n|upkeep\n|turn|4\n|-message|Ridin On forfeited.\n|\n|win|BidenBlastinOffAgn\n|raw|BidenBlastinOffAgn's rating: 1113 &rarr; <strong>1140</strong><br />(+27 for winning)\n|raw|Ridin On's rating: 1139 &rarr; <strong>1112</strong><br />(-27 for losing)\n|l|\u2606Ridin On\n|player|p2|\n",
  "uploadtime": 1776383729,
  "views": 16,
  "formatid": "gen9championsvgc2026regma",
  "rating": 1112,
  "private": 0,
  "password": null
}