{
  "id": "gen9championsvgc2026regma-2583429664",
  "format": "[Gen 9 Champions] VGC 2026 Reg M-A",
  "players": [
    "gurbederbeste",
    "LakeHuron"
  ],
  "log": "|j|\u2606gurbederbeste\n|j|\u2606LakeHuron\n|t:|1776175093\n|gametype|doubles\n|player|p1|gurbederbeste|pryce|1157\n|player|p2|LakeHuron|aetherfoundation2|1097\n|gen|9\n|tier|[Gen 9 Champions] VGC 2026 Reg M-A\n|rated|\n|rule|Species Clause: Limit one of each Pok\u00e9mon\n|rule|Item Clause: Limit 1 of each item\n|clearpoke\n|poke|p1|Aggron, L50, M|\n|poke|p1|Sinistcha, L50|\n|poke|p1|Incineroar, L50, F|\n|poke|p1|Kleavor, L50, F|\n|poke|p1|Alakazam, L50, M|\n|poke|p1|Glimmora, L50, F|\n|poke|p2|Heracross, L50, F|\n|poke|p2|Sinistcha, L50|\n|poke|p2|Incineroar, L50, M|\n|poke|p2|Farigiraf, L50, M|\n|poke|p2|Aerodactyl, L50, F|\n|poke|p2|Kingambit, L50, M|\n|teampreview|4\n|\n|t:|1776175131\n|teamsize|p1|4\n|teamsize|p2|4\n|start\n|switch|p1a: Aggron|Aggron, L50, M|100/100\n|switch|p1b: Glimmora|Glimmora, L50, F|100/100\n|switch|p2a: Incineroar|Incineroar, L50, M|100/100\n|switch|p2b: Aerodactyl|Aerodactyl, L50, F|100/100\n|-ability|p2b: Aerodactyl|Unnerve\n|-ability|p2a: Incineroar|Intimidate|boost\n|-unboost|p1a: Aggron|atk|1\n|-unboost|p1b: Glimmora|atk|1\n|turn|1\n|\n|t:|1776175163\n|detailschange|p1a: Aggron|Aggron-Mega, L50, M\n|-mega|p1a: Aggron|Aggron|Aggronite\n|move|p2a: Incineroar|Fake Out|p1b: Glimmora\n|-resisted|p1b: Glimmora|1\n|-damage|p1b: Glimmora|94/100\n|-activate|p1b: Glimmora|ability: Toxic Debris\n|-sidestart|p2: LakeHuron|move: Toxic Spikes\n|move|p2b: Aerodactyl|Tailwind|p2b: Aerodactyl\n|-sidestart|p2: LakeHuron|move: Tailwind\n|cant|p1b: Glimmora|flinch\n|move|p1a: Aggron|Iron Defense|p1a: Aggron\n|-boost|p1a: Aggron|def|2\n|\n|upkeep\n|turn|2\n|\n|t:|1776175181\n|switch|p2b: Kingambit|Kingambit, L50, M|100/100\n|move|p2a: Incineroar|Parting Shot|p1a: Aggron\n|-unboost|p1a: Aggron|atk|1\n|-unboost|p1a: Aggron|spa|1\n|\n|t:|1776175186\n|switch|p2a: Heracross|Heracross, L50, F|100/100|[from] Parting Shot\n|-status|p2a: Heracross|psn\n|move|p1b: Glimmora|Sludge Wave|p2a: Heracross|[spread] p2a\n|-immune|p1a: Aggron\n|-immune|p2b: Kingambit\n|-damage|p2a: Heracross|59/100 psn\n|move|p1a: Aggron|Body Press|p2a: Heracross\n|-resisted|p2a: Heracross|1\n|-damage|p2a: Heracross|7/100 psn\n|\n|-damage|p2a: Heracross|0 fnt|[from] psn\n|faint|p2a: Heracross\n|upkeep\n|\n|t:|1776175194\n|switch|p2a: Incineroar|Incineroar, L50, M|100/100\n|-status|p2a: Incineroar|psn\n|-ability|p2a: Incineroar|Intimidate|boost\n|-unboost|p1a: Aggron|atk|1\n|-unboost|p1b: Glimmora|atk|1\n|turn|3\n|\n|t:|1776175218\n|move|p2a: Incineroar|Fake Out|p1a: Aggron\n|-resisted|p1a: Aggron|1\n|-damage|p1a: Aggron|99/100\n|move|p1b: Glimmora|Sludge Bomb|p2a: Incineroar\n|-damage|p2a: Incineroar|70/100 psn\n|move|p2b: Kingambit|Swords Dance|p2b: Kingambit\n|-boost|p2b: Kingambit|atk|2\n|cant|p1a: Aggron|flinch\n|\n|-heal|p2a: Incineroar|76/100 psn|[from] item: Leftovers\n|-damage|p2a: Incineroar|64/100 psn|[from] psn\n|upkeep\n|turn|4\n|\n|t:|1776175237\n|move|p1b: Glimmora|Spiky Shield|p1b: Glimmora\n|-singleturn|p1b: Glimmora|move: Protect\n|move|p2a: Incineroar|Flare Blitz|p1a: Aggron\n|-supereffective|p1a: Aggron|1\n|-damage|p1a: Aggron|81/100\n|-damage|p2a: Incineroar|58/100 psn|[from] Recoil\n|move|p2b: Kingambit|Low Kick|p1a: Aggron\n|-supereffective|p1a: Aggron|1\n|-damage|p1a: Aggron|47/100\n|move|p1a: Aggron|Body Press|p2b: Kingambit\n|-supereffective|p2b: Kingambit|2\n|-enditem|p2b: Kingambit|Chople Berry|[eat]\n|-enditem|p2b: Kingambit|Chople Berry|[weaken]\n|-damage|p2b: Kingambit|0 fnt\n|faint|p2b: Kingambit\n|\n|-heal|p2a: Incineroar|64/100 psn|[from] item: Leftovers\n|-damage|p2a: Incineroar|52/100 psn|[from] psn\n|-sideend|p2: LakeHuron|move: Tailwind\n|upkeep\n|-message|LakeHuron forfeited.\n|\n|win|gurbederbeste\n|raw|gurbederbeste's rating: 1157 &rarr; <strong>1178</strong><br />(+21 for winning)\n|raw|LakeHuron's rating: 1097 &rarr; <strong>1077</strong><br />(-20 for losing)\n|l|\u2606LakeHuron\n|player|p2|\n",
  "uploadtime": 1776175262,
  "views": 17,
  "formatid": "gen9championsvgc2026regma",
  "rating": 1077,
  "private": 0,
  "password": null
}