{
  "id": "gen9championsvgc2026regma-2581281263",
  "format": "[Gen 9 Champions] VGC 2026 Reg M-A",
  "players": [
    "kynshi",
    "dingo534"
  ],
  "log": "|j|\u2606kynshi\n|j|\u2606dingo534\n|t:|1775980769\n|gametype|doubles\n|player|p1|kynshi|101|1134\n|player|p2|dingo534|dragontamer|1047\n|gen|9\n|tier|[Gen 9 Champions] VGC 2026 Reg M-A\n|rated|\n|rule|Species Clause: Limit one of each Pok\u00e9mon\n|rule|Item Clause: Limit 1 of each item\n|clearpoke\n|poke|p1|Whimsicott, L50, F|\n|poke|p1|Charizard, L50, M|\n|poke|p1|Garchomp, L50, F|\n|poke|p1|Incineroar, L50, F|\n|poke|p1|Venusaur, L50, F|\n|poke|p1|Sneasler, L50, F|\n|poke|p2|Hydreigon, L50, M|\n|poke|p2|Archaludon, L50, M|\n|poke|p2|Pelipper, L50, M|\n|poke|p2|Palafin, L50, F|\n|poke|p2|Sinistcha, L50|\n|poke|p2|Scizor, L50, M|\n|teampreview|4\n|inactive|Battle timer is ON: inactive players will automatically lose when time's up. (requested by kynshi)\n|inactive|dingo534 has 60 seconds left.\n|\n|t:|1775980805\n|teamsize|p1|4\n|teamsize|p2|4\n|start\n|switch|p1a: Wata|Whimsicott, L50, F|100/100\n|switch|p1b: Charizard|Charizard, L50, M|100/100\n|switch|p2a: Pelipper|Pelipper, L50, M, shiny|100/100\n|switch|p2b: Sinistcha|Sinistcha, L50, shiny|100/100\n|-weather|RainDance|[from] ability: Drizzle|[of] p2a: Pelipper\n|turn|1\n|\n|t:|1775980825\n|detailschange|p1b: Charizard|Charizard-Mega-Y, L50, M\n|-mega|p1b: Charizard|Charizard|Charizardite Y\n|-weather|SunnyDay|[from] ability: Drought|[of] p1b: Charizard\n|move|p1a: Wata|Moonblast|p2b: Sinistcha\n|-damage|p2b: Sinistcha|61/100\n|move|p1b: Charizard|Heat Wave|p2b: Sinistcha|[spread] p2a,p2b\n|-resisted|p2a: Pelipper|1\n|-supereffective|p2b: Sinistcha|1\n|-damage|p2a: Pelipper|59/100\n|-damage|p2b: Sinistcha|0 fnt\n|faint|p2b: Sinistcha\n|move|p2a: Pelipper|Tailwind|p2a: Pelipper\n|-sidestart|p2: dingo534|move: Tailwind\n|\n|-weather|SunnyDay|[upkeep]\n|upkeep\n|\n|t:|1775980846\n|switch|p2b: Hydreigon|Hydreigon, L50, M, shiny|100/100\n|turn|2\n|inactive|dingo534 has 30 seconds left.\n|\n|t:|1775980873\n|switch|p2a: Palafin|Palafin, L50, F, shiny|100/100\n|move|p2b: Hydreigon|Draco Meteor|p1b: Charizard\n|-damage|p1b: Charizard|38/100\n|-unboost|p2b: Hydreigon|spa|2\n|move|p1a: Wata|Moonblast|p2b: Hydreigon\n|-supereffective|p2b: Hydreigon|2\n|-damage|p2b: Hydreigon|0 fnt\n|faint|p2b: Hydreigon\n|move|p1b: Charizard|Solar Beam||[still]\n|-prepare|p1b: Charizard|Solar Beam\n|-anim|p1b: Charizard|Solar Beam|p2a: Palafin\n|-supereffective|p2a: Palafin|1\n|-damage|p2a: Palafin|0 fnt\n|faint|p2a: Palafin\n|\n|-weather|SunnyDay|[upkeep]\n|upkeep\n|\n|t:|1775980898\n|switch|p2b: Pelipper|Pelipper, L50, M, shiny|59/100\n|-weather|RainDance|[from] ability: Drizzle|[of] p2b: Pelipper\n|turn|3\n|\n|t:|1775980907\n|switch|p1b: Venusaur|Venusaur, L50, F, shiny|100/100\n|move|p2b: Pelipper|Weather Ball|p1b: Venusaur\n|-resisted|p1b: Venusaur|1\n|-damage|p1b: Venusaur|82/100\n|move|p1a: Wata|Moonblast|p2b: Pelipper\n|-damage|p2b: Pelipper|12/100\n|\n|-weather|RainDance|[upkeep]\n|-heal|p1b: Venusaur|88/100|[from] item: Leftovers\n|upkeep\n|turn|4\n|\n|t:|1775980924\n|move|p2b: Pelipper|Hurricane|p1b: Venusaur\n|-supereffective|p1b: Venusaur|1\n|-damage|p1b: Venusaur|30/100\n|move|p1a: Wata|Moonblast|p2b: Pelipper\n|-damage|p2b: Pelipper|0 fnt\n|faint|p2b: Pelipper\n|\n|win|kynshi\n|raw|kynshi's rating: 1134 &rarr; <strong>1153</strong><br />(+19 for winning)\n|raw|dingo534's rating: 1047 &rarr; <strong>1034</strong><br />(-13 for losing)\n",
  "uploadtime": 1775980931,
  "views": 14,
  "formatid": "gen9championsvgc2026regma",
  "rating": 1034,
  "private": 0,
  "password": null
}