{
  "id": "gen9championsvgc2026regma-2587898671",
  "format": "[Gen 9 Champions] VGC 2026 Reg M-A",
  "players": [
    "sheikko",
    "Rem0raide"
  ],
  "log": "|j|\u2606sheikko\n|j|\u2606Rem0raide\n|t:|1776576253\n|gametype|doubles\n|player|p1|sheikko|canari|1154\n|player|p2|Rem0raide|1|1169\n|gen|9\n|tier|[Gen 9 Champions] VGC 2026 Reg M-A\n|rated|\n|rule|Species Clause: Limit one of each Pok\u00e9mon\n|rule|Item Clause: Limit 1 of each item\n|clearpoke\n|poke|p1|Farigiraf, L50, F|\n|poke|p1|Torkoal, L50, F|\n|poke|p1|Kingambit, L50, F, shiny|\n|poke|p1|Golurk, L50, shiny|\n|poke|p1|Drampa, L50, M, shiny|\n|poke|p1|Cofagrigus, L50, F, shiny|\n|poke|p2|Lucario, L50, F|\n|poke|p2|Garchomp, L50, F|\n|poke|p2|Clefable, L50, F|\n|poke|p2|Aerodactyl, L50, F|\n|poke|p2|Sinistcha, L50|\n|poke|p2|Basculegion, L50, M|\n|teampreview|4\n|inactive|Battle timer is ON: inactive players will automatically lose when time's up. (requested by sheikko)\n|inactive|Rem0raide has 60 seconds left.\n|\n|t:|1776576310\n|teamsize|p1|4\n|teamsize|p2|4\n|start\n|switch|p1a: Drampa|Drampa, L50, M, shiny|100/100\n|switch|p1b: Farigiraf|Farigiraf, L50, F|100/100\n|switch|p2a: Lucario|Lucario, L50, F|100/100\n|switch|p2b: Clefable|Clefable, L50, F|100/100\n|-ability|p1a: Drampa|Cloud Nine\n|turn|1\n|inactive|sheikko has 30 seconds left.\n|\n|t:|1776576342\n|detailschange|p2a: Lucario|Lucario-Mega, L50, F\n|-mega|p2a: Lucario|Lucario|Lucarionite\n|detailschange|p1a: Drampa|Drampa-Mega, L50, M, shiny\n|-mega|p1a: Drampa|Drampa|Drampanite\n|move|p2b: Clefable|Helping Hand|p2a: Lucario\n|-singleturn|p2a: Lucario|Helping Hand|[of] p2b: Clefable\n|move|p2a: Lucario|Steel Beam|p1b: Farigiraf\n|-damage|p1b: Farigiraf|0 fnt\n|-damage|p2a: Lucario|50/100|[from] steelbeam\n|faint|p1b: Farigiraf\n|move|p1a: Drampa|Earth Power|p2a: Lucario\n|-supereffective|p2a: Lucario|1\n|-damage|p2a: Lucario|0 fnt\n|faint|p2a: Lucario\n|\n|upkeep\n|\n|t:|1776576361\n|switch|p2a: Basculegion|Basculegion, L50, M|100/100\n|switch|p1b: Torkoal|Torkoal, L50, F|100/100\n|-weather|SunnyDay|[from] ability: Drought|[of] p1b: Torkoal\n|turn|2\n|\n|t:|1776576382\n|move|p2a: Basculegion|Wave Crash|p1b: Torkoal\n|-supereffective|p1b: Torkoal|1\n|-damage|p1b: Torkoal|33/100\n|-damage|p2a: Basculegion|80/100|[from] Recoil\n|move|p2b: Clefable|Moonblast|p1a: Drampa\n|-supereffective|p1a: Drampa|1\n|-damage|p1a: Drampa|48/100\n|-ability|p1a: Drampa|Berserk|boost\n|-boost|p1a: Drampa|spa|1\n|move|p1a: Drampa|Dragon Pulse|p2a: Basculegion\n|-damage|p2a: Basculegion|0 fnt\n|faint|p2a: Basculegion\n|move|p1b: Torkoal|Heat Wave|p2b: Clefable\n|-damage|p2b: Clefable|29/100\n|\n|-weather|SunnyDay|[upkeep]\n|-heal|p2b: Clefable|35/100|[from] item: Leftovers\n|upkeep\n|\n|t:|1776576400\n|switch|p2a: Sinistcha|Sinistcha, L50|100/100\n|-heal|p2b: Clefable|60/100|[from] ability: Hospitality|[of] p2a: Sinistcha\n|turn|3\n|\n|t:|1776576411\n|move|p2a: Sinistcha|Protect|p2a: Sinistcha\n|-singleturn|p2a: Sinistcha|Protect\n|move|p1a: Drampa|Protect|p1a: Drampa\n|-singleturn|p1a: Drampa|Protect\n|move|p2b: Clefable|Moonblast|p1a: Drampa\n|-activate|p1a: Drampa|move: Protect\n|move|p1b: Torkoal|Heat Wave|p2b: Clefable|[spread] p2b\n|-activate|p2a: Sinistcha|move: Protect\n|-damage|p2b: Clefable|2/100\n|\n|-weather|SunnyDay|[upkeep]\n|-heal|p2b: Clefable|8/100|[from] item: Leftovers\n|upkeep\n|turn|4\n|\n|t:|1776576441\n|move|p2a: Sinistcha|Life Dew||[still]|[spread] p2a,p2b\n|-fail|p2a: Sinistcha|heal\n|-heal|p2b: Clefable|33/100\n|move|p2b: Clefable|Moonblast|p1a: Drampa\n|-supereffective|p1a: Drampa|1\n|-damage|p1a: Drampa|0 fnt\n|faint|p1a: Drampa\n|move|p1b: Torkoal|Heat Wave|p2a: Sinistcha|[spread] p2a,p2b\n|-supereffective|p2a: Sinistcha|1\n|-damage|p2a: Sinistcha|0 fnt\n|-damage|p2b: Clefable|0 fnt\n|faint|p2a: Sinistcha\n|faint|p2b: Clefable\n|\n|win|sheikko\n|raw|sheikko's rating: 1154 &rarr; <strong>1180</strong><br />(+26 for winning)\n|raw|Rem0raide's rating: 1169 &rarr; <strong>1143</strong><br />(-26 for losing)\n|c|\u2606sheikko|gg\n|l|\u2606sheikko\n|player|p1|\n",
  "uploadtime": 1776576465,
  "views": 11,
  "formatid": "gen9championsvgc2026regma",
  "rating": 1143,
  "private": 0,
  "password": null
}