{
  "id": "gen9championsvgc2026regma-2585381958",
  "format": "[Gen 9 Champions] VGC 2026 Reg M-A",
  "players": [
    "Matulaak1218",
    "Crawsomeness"
  ],
  "log": "|j|\u2606Matulaak1218\n|j|\u2606Crawsomeness\n|t:|1776343069\n|gametype|doubles\n|player|p1|Matulaak1218|101|1119\n|player|p2|Crawsomeness|hiker-gen4|1179\n|gen|9\n|tier|[Gen 9 Champions] VGC 2026 Reg M-A\n|rated|\n|rule|Species Clause: Limit one of each Pok\u00e9mon\n|rule|Item Clause: Limit 1 of each item\n|clearpoke\n|poke|p1|Starmie, L50|\n|poke|p1|Aegislash, L50, F|\n|poke|p1|Sneasler, L50, M|\n|poke|p1|Pelipper, L50, F|\n|poke|p1|Archaludon, L50, F|\n|poke|p1|Maushold, L50|\n|poke|p2|Garchomp, L50, F|\n|poke|p2|Tyranitar, L50, M|\n|poke|p2|Milotic, L50, F|\n|poke|p2|Sinistcha, L50|\n|poke|p2|Excadrill, L50, M|\n|poke|p2|Kangaskhan, L50, F|\n|teampreview|4\n|\n|t:|1776343096\n|teamsize|p1|4\n|teamsize|p2|4\n|start\n|switch|p1a: Starmie|Starmie, L50|100/100\n|switch|p1b: Sneasler|Sneasler, L50, M|100/100\n|switch|p2a: Kangaskhan|Kangaskhan, L50, F|100/100\n|switch|p2b: Tyranitar|Tyranitar, L50, M|100/100\n|-weather|Sandstorm|[from] ability: Sand Stream|[of] p2b: Tyranitar\n|turn|1\n|\n|t:|1776343111\n|switch|p2b: Sinistcha|Sinistcha, L50|100/100\n|detailschange|p1a: Starmie|Starmie-Mega, L50\n|-mega|p1a: Starmie|Starmie|Starminite\n|detailschange|p2a: Kangaskhan|Kangaskhan-Mega, L50, F\n|-mega|p2a: Kangaskhan|Kangaskhan|Kangaskhanite\n|move|p1b: Sneasler|Fake Out|p2a: Kangaskhan\n|-crit|p2a: Kangaskhan\n|-damage|p2a: Kangaskhan|79/100\n|move|p1a: Starmie|Liquidation|p2b: Sinistcha\n|-resisted|p2b: Sinistcha|1\n|-crit|p2b: Sinistcha\n|-damage|p2b: Sinistcha|45/100\n|-enditem|p2b: Sinistcha|Sitrus Berry|[eat]\n|-heal|p2b: Sinistcha|70/100|[from] item: Sitrus Berry\n|cant|p2a: Kangaskhan|flinch\n|\n|-weather|Sandstorm|[upkeep]\n|-damage|p1b: Sneasler|95/100|[from] Sandstorm\n|-damage|p1a: Starmie|95/100|[from] Sandstorm\n|-damage|p2a: Kangaskhan|72/100|[from] Sandstorm\n|-damage|p2b: Sinistcha|64/100|[from] Sandstorm\n|upkeep\n|turn|2\n|\n|t:|1776343131\n|move|p1b: Sneasler|Close Combat|p2a: Kangaskhan\n|-supereffective|p2a: Kangaskhan|1\n|-damage|p2a: Kangaskhan|0 fnt\n|-unboost|p1b: Sneasler|def|1\n|-unboost|p1b: Sneasler|spd|1\n|faint|p2a: Kangaskhan\n|-enditem|p1b: Sneasler|White Herb\n|-clearnegativeboost|p1b: Sneasler|[silent]\n|move|p1a: Starmie|Ice Spinner|p2b: Sinistcha\n|-supereffective|p2b: Sinistcha|1\n|-damage|p2b: Sinistcha|0 fnt\n|faint|p2b: Sinistcha\n|\n|-weather|Sandstorm|[upkeep]\n|-damage|p1b: Sneasler|89/100|[from] Sandstorm\n|-damage|p1a: Starmie|89/100|[from] Sandstorm\n|upkeep\n|\n|t:|1776343135\n|switch|p2a: Garchomp|Garchomp, L50, F|100/100\n|switch|p2b: Tyranitar|Tyranitar, L50, M|100/100\n|turn|3\n|\n|t:|1776343143\n|move|p1b: Sneasler|Close Combat|p2b: Tyranitar\n|-supereffective|p2b: Tyranitar|2\n|-damage|p2b: Tyranitar|0 fnt\n|-unboost|p1b: Sneasler|def|1\n|-unboost|p1b: Sneasler|spd|1\n|faint|p2b: Tyranitar\n|move|p1a: Starmie|Ice Spinner|p2a: Garchomp\n|-supereffective|p2a: Garchomp|2\n|-damage|p2a: Garchomp|0 fnt\n|faint|p2a: Garchomp\n|\n|win|Matulaak1218\n|raw|Matulaak1218's rating: 1119 &rarr; <strong>1148</strong><br />(+29 for winning)\n|raw|Crawsomeness's rating: 1179 &rarr; <strong>1150</strong><br />(-29 for losing)\n|l|\u2606Crawsomeness\n|player|p2|\n",
  "uploadtime": 1776343156,
  "views": 20,
  "formatid": "gen9championsvgc2026regma",
  "rating": 1148,
  "private": 0,
  "password": null
}