{
  "id": "gen9championsvgc2026regma-2586856760",
  "format": "[Gen 9 Champions] VGC 2026 Reg M-A",
  "players": [
    "CoolTrainerBu",
    "anidiotnon"
  ],
  "log": "|j|\u2606CoolTrainerBu\n|j|\u2606anidiotnon\n|t:|1776465801\n|gametype|doubles\n|player|p1|CoolTrainerBu|102|1300\n|player|p2|anidiotnon|169|1229\n|gen|9\n|tier|[Gen 9 Champions] VGC 2026 Reg M-A\n|rated|\n|rule|Species Clause: Limit one of each Pok\u00e9mon\n|rule|Item Clause: Limit 1 of each item\n|clearpoke\n|poke|p1|Charizard, L50, F|\n|poke|p1|Whimsicott, L50, M|\n|poke|p1|Garchomp, L50, F|\n|poke|p1|Sneasler, L50, F|\n|poke|p1|Maushold, L50|\n|poke|p1|Incineroar, L50, F|\n|poke|p2|Floette-Eternal, L50, F|\n|poke|p2|Sinistcha, L50|\n|poke|p2|Maushold-Four, L50|\n|poke|p2|Incineroar, L50, M|\n|poke|p2|Ninetales-Alola, L50, M|\n|poke|p2|Froslass, L50, F|\n|teampreview|4\n|inactive|Battle timer is ON: inactive players will automatically lose when time's up. (requested by anidiotnon)\n|inactive|anidiotnon has 60 seconds left.\n|\n|t:|1776465850\n|teamsize|p1|4\n|teamsize|p2|4\n|start\n|switch|p1a: Whimsicott|Whimsicott, L50, M|100/100\n|switch|p1b: Charizard|Charizard, L50, F|100/100\n|switch|p2a: Froslass|Froslass, L50, F|100/100\n|switch|p2b: Incineroar|Incineroar, L50, M|100/100\n|-ability|p2b: Incineroar|Intimidate|boost\n|-unboost|p1a: Whimsicott|atk|1\n|-unboost|p1b: Charizard|atk|1\n|turn|1\n|inactive|CoolTrainerBu has 30 seconds left.\n|\n|t:|1776465876\n|detailschange|p1b: Charizard|Charizard-Mega-Y, L50, F\n|-mega|p1b: Charizard|Charizard|Charizardite Y\n|-weather|SunnyDay|[from] ability: Drought|[of] p1b: Charizard\n|move|p2a: Froslass|Protect|p2a: Froslass\n|-singleturn|p2a: Froslass|Protect\n|move|p2b: Incineroar|Fake Out|p1a: Whimsicott\n|-damage|p1a: Whimsicott|84/100\n|cant|p1a: Whimsicott|flinch\n|move|p1b: Charizard|Heat Wave|p2a: Froslass|[spread] p2b\n|-activate|p2a: Froslass|move: Protect\n|-resisted|p2b: Incineroar|1\n|-damage|p2b: Incineroar|77/100\n|\n|-weather|SunnyDay|[upkeep]\n|upkeep\n|turn|2\n|\n|t:|1776465895\n|detailschange|p2a: Froslass|Froslass-Mega, L50, F\n|-mega|p2a: Froslass|Froslass|Froslassite\n|-weather|Snowscape|[from] ability: Snow Warning|[of] p2a: Froslass\n|move|p1a: Whimsicott|Tailwind|p1a: Whimsicott\n|-sidestart|p1: CoolTrainerBu|move: Tailwind\n|move|p1b: Charizard|Heat Wave|p2b: Incineroar|[spread] p2a,p2b\n|-supereffective|p2a: Froslass|1\n|-resisted|p2b: Incineroar|1\n|-damage|p2a: Froslass|8/100\n|-damage|p2b: Incineroar|62/100\n|move|p2a: Froslass|Blizzard|p1b: Charizard|[spread] p1a,p1b\n|-supereffective|p1a: Whimsicott|1\n|-damage|p1a: Whimsicott|0 fnt\n|-damage|p1b: Charizard|66/100\n|faint|p1a: Whimsicott\n|move|p2b: Incineroar|Parting Shot|p1b: Charizard\n|-unboost|p1b: Charizard|atk|1\n|-unboost|p1b: Charizard|spa|1\n|-message|anidiotnon forfeited.\n|\n|win|CoolTrainerBu\n|raw|CoolTrainerBu's rating: 1300 &rarr; <strong>1320</strong><br />(+20 for winning)\n|raw|anidiotnon's rating: 1229 &rarr; <strong>1209</strong><br />(-20 for losing)\n|l|\u2606anidiotnon\n|player|p2|\n",
  "uploadtime": 1776465909,
  "views": 30,
  "formatid": "gen9championsvgc2026regma",
  "rating": 1209,
  "private": 0,
  "password": null
}