{
  "id": "gen9championsvgc2026regma-2581387522",
  "format": "[Gen 9 Champions] VGC 2026 Reg M-A",
  "players": [
    "gunkygummygarlic",
    "pranay showdown"
  ],
  "log": "|j|\u2606gunkygummygarlic\n|j|\u2606pranay showdown\n|t:|1775994955\n|gametype|doubles\n|player|p1|gunkygummygarlic|102|1264\n|player|p2|pranay showdown|hilbert|1229\n|gen|9\n|tier|[Gen 9 Champions] VGC 2026 Reg M-A\n|rated|\n|rule|Species Clause: Limit one of each Pok\u00e9mon\n|rule|Item Clause: Limit 1 of each item\n|clearpoke\n|poke|p1|Delphox, L50, F|\n|poke|p1|Kingambit, L50, M|\n|poke|p1|Sneasler, L50, M|\n|poke|p1|Clefable, L50, F|\n|poke|p1|Dragonite, L50, M|\n|poke|p1|Basculegion, L50, M|\n|poke|p2|Mimikyu, L50, F|\n|poke|p2|Maushold-Four, L50|\n|poke|p2|Camerupt, L50, F|\n|poke|p2|Torkoal, L50, M|\n|poke|p2|Venusaur, L50, M|\n|poke|p2|Farigiraf, L50, F|\n|teampreview|4\n|\n|t:|1775994980\n|teamsize|p1|4\n|teamsize|p2|4\n|start\n|switch|p1a: Wicked|Delphox, L50, F|100/100\n|switch|p1b: Jackpot|Sneasler, L50, M|100/100\n|switch|p2a: Farigiraf|Farigiraf, L50, F|100/100\n|switch|p2b: Maushold|Maushold-Four, L50|100/100\n|turn|1\n|inactive|Battle timer is ON: inactive players will automatically lose when time's up. (requested by gunkygummygarlic)\n|j| No1.yZap2\n|\n|t:|1775994996\n|detailschange|p1a: Wicked|Delphox-Mega, L50, F\n|-mega|p1a: Wicked|Delphox|Delphoxite\n|move|p1a: Wicked|Heat Wave|p2b: Maushold|[spread] p2a,p2b\n|-damage|p2a: Farigiraf|66/100\n|-damage|p2b: Maushold|57/100\n|move|p1b: Jackpot|Close Combat|p2a: Farigiraf\n|-damage|p2a: Farigiraf|17/100\n|-unboost|p1b: Jackpot|def|1\n|-unboost|p1b: Jackpot|spd|1\n|-enditem|p2a: Farigiraf|Sitrus Berry|[eat]\n|-heal|p2a: Farigiraf|41/100|[from] item: Sitrus Berry\n|move|p2b: Maushold|Super Fang|p1a: Wicked\n|-damage|p1a: Wicked|50/100\n|move|p2a: Farigiraf|Trick Room|p2a: Farigiraf\n|-fieldstart|move: Trick Room|[of] p2a: Farigiraf\n|\n|upkeep\n|turn|2\n|inactive|gunkygummygarlic has 30 seconds left.\n|inactive|gunkygummygarlic has 20 seconds left.\n|inactive|gunkygummygarlic has 15 seconds left.\n|\n|t:|1775995038\n|switch|p1a: Memorial|Basculegion, L50, M|100/100\n|move|p2a: Farigiraf|Hyper Voice|p1b: Jackpot|[spread] p1b\n|-immune|p1a: Memorial\n|-crit|p1b: Jackpot\n|-damage|p1b: Jackpot|10/100\n|move|p2b: Maushold|Super Fang|p1a: Memorial\n|-immune|p1a: Memorial\n|move|p1b: Jackpot|Close Combat|p2a: Farigiraf\n|-damage|p2a: Farigiraf|0 fnt\n|-unboost|p1b: Jackpot|def|1\n|-unboost|p1b: Jackpot|spd|1\n|faint|p2a: Farigiraf\n|\n|upkeep\n|\n|t:|1775995050\n|switch|p2a: Torkoal|Torkoal, L50, M|100/100\n|-weather|SunnyDay|[from] ability: Drought|[of] p2a: Torkoal\n|turn|3\n|inactive|pranay showdown has 30 seconds left.\n|\n|t:|1775995077\n|switch|p2b: Camerupt|Camerupt, L50, F|100/100\n|move|p2a: Torkoal|Eruption|p1b: Jackpot|[spread] p1a,p1b\n|-resisted|p1a: Memorial|1\n|-damage|p1a: Memorial|55/100\n|-damage|p1b: Jackpot|0 fnt\n|faint|p1b: Jackpot\n|move|p1a: Memorial|Wave Crash|p2a: Torkoal\n|-supereffective|p2a: Torkoal|1\n|-damage|p2a: Torkoal|44/100\n|-damage|p1a: Memorial|38/100|[from] Recoil\n|\n|-weather|SunnyDay|[upkeep]\n|upkeep\n|inactive|gunkygummygarlic has 30 seconds left.\n|\n|t:|1775995104\n|switch|p1b: Wicked|Delphox-Mega, L50, F|50/100\n|turn|4\n|\n|t:|1775995113\n|detailschange|p2b: Camerupt|Camerupt-Mega, L50, F\n|-mega|p2b: Camerupt|Camerupt|Cameruptite\n|move|p2b: Camerupt|Eruption|p1a: Memorial|[spread] p1a,p1b\n|-resisted|p1a: Memorial|1\n|-resisted|p1b: Wicked|1\n|-damage|p1a: Memorial|0 fnt\n|-damage|p1b: Wicked|4/100\n|faint|p1a: Memorial\n|move|p2a: Torkoal|Eruption|p1b: Wicked\n|-resisted|p1b: Wicked|1\n|-damage|p1b: Wicked|0 fnt\n|faint|p1b: Wicked\n|\n|-weather|SunnyDay|[upkeep]\n|upkeep\n|-message|gunkygummygarlic forfeited.\n|\n|win|pranay showdown\n|raw|gunkygummygarlic's rating: 1264 &rarr; <strong>1236</strong><br />(-28 for losing)\n|raw|pranay showdown's rating: 1229 &rarr; <strong>1257</strong><br />(+28 for winning)\n|l|\u2606gunkygummygarlic\n|player|p1|\n",
  "uploadtime": 1775995130,
  "views": 30,
  "formatid": "gen9championsvgc2026regma",
  "rating": 1236,
  "private": 0,
  "password": null
}