{
  "id": "gen9championsvgc2026regma-2583137925",
  "format": "[Gen 9 Champions] VGC 2026 Reg M-A",
  "players": [
    "Kwiper",
    "iJohann"
  ],
  "log": "|j|\u2606Kwiper\n|j|\u2606iJohann\n|t:|1776146607\n|gametype|doubles\n|player|p1|Kwiper|sycamore|1166\n|player|p2|iJohann|1|1135\n|gen|9\n|tier|[Gen 9 Champions] VGC 2026 Reg M-A\n|rated|\n|rule|Species Clause: Limit one of each Pok\u00e9mon\n|rule|Item Clause: Limit 1 of each item\n|clearpoke\n|poke|p1|Charizard, L50, F|\n|poke|p1|Farigiraf, L50, M|\n|poke|p1|Torkoal, L50, F|\n|poke|p1|Garchomp, L50, M|\n|poke|p1|Venusaur, L50, F|\n|poke|p1|Incineroar, L50, M|\n|poke|p2|Espathra, L50, M|\n|poke|p2|Sableye, L50, M|\n|poke|p2|Charizard, L50, F|\n|poke|p2|Milotic, L50, F|\n|poke|p2|Garchomp, L50, M|\n|poke|p2|Gardevoir, L50, M|\n|teampreview|4\n|inactive|Battle timer is ON: inactive players will automatically lose when time's up. (requested by Kwiper)\n|\n|t:|1776146622\n|teamsize|p1|4\n|teamsize|p2|4\n|start\n|switch|p1a: Farigiraf|Farigiraf, L50, M|100/100\n|switch|p1b: Incineroar|Incineroar, L50, M|100/100\n|switch|p2a: Sableye|Sableye, L50, M|100/100\n|switch|p2b: Espathra|Espathra, L50, M|100/100\n|-ability|p1b: Incineroar|Intimidate|boost\n|-unboost|p2a: Sableye|atk|1\n|-unboost|p2b: Espathra|atk|1\n|turn|1\n|\n|t:|1776146637\n|move|p2a: Sableye|Fake Out||[still]\n|cant|p1a: Farigiraf|ability: Armor Tail|Fake Out|[of] p2a: Sableye\n|move|p2b: Espathra|Psychic Terrain|p2b: Espathra\n|-fieldstart|move: Psychic Terrain\n|move|p1b: Incineroar|Parting Shot|p2a: Sableye\n|-unboost|p2a: Sableye|atk|1\n|-unboost|p2a: Sableye|spa|1\n|\n|t:|1776146642\n|switch|p1b: Torkoal|Torkoal, L50, F|100/100|[from] Parting Shot\n|-weather|SunnyDay|[from] ability: Drought|[of] p1b: Torkoal\n|move|p1a: Farigiraf|Trick Room|p1a: Farigiraf\n|-fieldstart|move: Trick Room|[of] p1a: Farigiraf\n|\n|-weather|SunnyDay|[upkeep]\n|-ability|p2b: Espathra|Speed Boost|boost\n|-boost|p2b: Espathra|spe|1\n|upkeep\n|turn|2\n|\n|t:|1776146655\n|move|p2a: Sableye|Gravity|p2a: Sableye\n|-fieldstart|move: Gravity\n|move|p1b: Torkoal|Eruption|p2a: Sableye|[spread] p2a,p2b\n|-damage|p2a: Sableye|0 fnt\n|-enditem|p2b: Espathra|Focus Sash\n|-damage|p2b: Espathra|1/100\n|faint|p2a: Sableye\n|move|p1a: Farigiraf|Hyper Voice|p2b: Espathra\n|-damage|p2b: Espathra|0 fnt\n|faint|p2b: Espathra\n|\n|-weather|SunnyDay|[upkeep]\n|upkeep\n|-message|iJohann forfeited.\n|\n|win|Kwiper\n|raw|Kwiper's rating: 1166 &rarr; <strong>1189</strong><br />(+23 for winning)\n|raw|iJohann's rating: 1135 &rarr; <strong>1112</strong><br />(-23 for losing)\n",
  "uploadtime": 1776146669,
  "views": 19,
  "formatid": "gen9championsvgc2026regma",
  "rating": 1112,
  "private": 0,
  "password": null
}