{
  "id": "gen9championsvgc2026regma-2582703632",
  "format": "[Gen 9 Champions] VGC 2026 Reg M-A",
  "players": [
    "YonkoLouis",
    "Perro Panchez"
  ],
  "log": "|j|\u2606YonkoLouis\n|j|\u2606Perro Panchez\n|t:|1776108388\n|gametype|doubles\n|player|p1|YonkoLouis|steven|1078\n|player|p2|Perro Panchez|hiker-gen7|1000\n|gen|9\n|tier|[Gen 9 Champions] VGC 2026 Reg M-A\n|rated|\n|rule|Species Clause: Limit one of each Pok\u00e9mon\n|rule|Item Clause: Limit 1 of each item\n|clearpoke\n|poke|p1|Floette-Eternal, L50, F|\n|poke|p1|Whimsicott, L50, F|\n|poke|p1|Tyranitar, L50, F|\n|poke|p1|Excadrill, L50, F|\n|poke|p1|Primarina, L50, F|\n|poke|p1|Goodra-Hisui, L50, F|\n|poke|p2|Pelipper, L50, M|\n|poke|p2|Sinistcha, L50|\n|poke|p2|Drampa, L50, F|\n|poke|p2|Basculegion, L50, M|\n|poke|p2|Alakazam, L50, F|\n|poke|p2|Golurk, L50|\n|teampreview|4\n|inactive|Battle timer is ON: inactive players will automatically lose when time's up. (requested by Perro Panchez)\n|\n|t:|1776108425\n|teamsize|p1|4\n|teamsize|p2|4\n|start\n|switch|p1a: Lil Xern|Floette-Eternal, L50, F|100/100\n|switch|p1b: LA FLAME|Whimsicott, L50, F, shiny|100/100\n|switch|p2a: Drampa|Drampa, L50, F|100/100\n|switch|p2b: Alakazam|Alakazam, L50, F|100/100\n|turn|1\n|inactive|YonkoLouis has 30 seconds left.\n|inactive|YonkoLouis has 20 seconds left.\n|inactive|YonkoLouis has 15 seconds left.\n|\n|t:|1776108469\n|detailschange|p1a: Lil Xern|Floette-Mega, L50, F\n|-mega|p1a: Lil Xern|Floette|Floettite\n|-ability|p1a: Lil Xern|Fairy Aura\n|detailschange|p2a: Drampa|Drampa-Mega, L50, F\n|-mega|p2a: Drampa|Drampa|Drampanite\n|move|p2a: Drampa|Protect|p2a: Drampa\n|-singleturn|p2a: Drampa|Protect\n|move|p1b: LA FLAME|Tailwind|p1b: LA FLAME\n|-sidestart|p1: YonkoLouis|move: Tailwind\n|move|p1a: Lil Xern|Calm Mind|p1a: Lil Xern\n|-boost|p1a: Lil Xern|spa|1\n|-boost|p1a: Lil Xern|spd|1\n|move|p2b: Alakazam|Light Screen|p2b: Alakazam\n|-sidestart|p2: Perro Panchez|move: Light Screen\n|\n|upkeep\n|turn|2\n|inactive|YonkoLouis has 30 seconds left.\n|inactive|YonkoLouis has 20 seconds left.\n|\n|t:|1776108507\n|move|p1b: LA FLAME|Encore|p2b: Alakazam\n|-start|p2b: Alakazam|Encore\n|move|p1a: Lil Xern|Dazzling Gleam|p2a: Drampa|[spread] p2a,p2b\n|-supereffective|p2a: Drampa|1\n|-damage|p2a: Drampa|16/100\n|-damage|p2b: Alakazam|44/100\n|-ability|p2a: Drampa|Berserk|boost\n|-boost|p2a: Drampa|spa|1\n|move|p2b: Alakazam|Light Screen||[still]\n|-fail|p2b: Alakazam\n|move|p2a: Drampa|Calm Mind|p2a: Drampa\n|-boost|p2a: Drampa|spa|1\n|-boost|p2a: Drampa|spd|1\n|\n|upkeep\n|turn|3\n|-message|Perro Panchez forfeited.\n|\n|win|YonkoLouis\n|raw|YonkoLouis's rating: 1078 &rarr; <strong>1100</strong><br />(+22 for winning)\n|raw|Perro Panchez's rating: 1000 &rarr; <strong>1000</strong><br />(+0 for losing)\n|l|\u2606Perro Panchez\n|player|p2|\n",
  "uploadtime": 1776108529,
  "views": 10,
  "formatid": "gen9championsvgc2026regma",
  "rating": 1000,
  "private": 0,
  "password": null
}