{
  "id": "gen9championsvgc2026regma-2584768282",
  "format": "[Gen 9 Champions] VGC 2026 Reg M-A",
  "players": [
    "OriMarti",
    "Devta"
  ],
  "log": "|j|\u2606OriMarti\n|j|\u2606Devta\n|t:|1776282292\n|gametype|doubles\n|player|p1|OriMarti|266|1029\n|player|p2|Devta|hexmaniac-gen6|1104\n|gen|9\n|tier|[Gen 9 Champions] VGC 2026 Reg M-A\n|rated|\n|rule|Species Clause: Limit one of each Pok\u00e9mon\n|rule|Item Clause: Limit 1 of each item\n|clearpoke\n|poke|p1|Sneasler, L50, M|\n|poke|p1|Sinistcha-Masterpiece, L50|\n|poke|p1|Scizor, L50, F|\n|poke|p1|Pelipper, L50, F|\n|poke|p1|Gardevoir, L50, M|\n|poke|p1|Incineroar, L50, M|\n|poke|p2|Gardevoir, L50, F|\n|poke|p2|Hydreigon, L50, F|\n|poke|p2|Incineroar, L50, M|\n|poke|p2|Rotom-Wash, L50|\n|poke|p2|Skarmory, L50, F|\n|poke|p2|Sneasler, L50, M|\n|teampreview|4\n|inactive|Battle timer is ON: inactive players will automatically lose when time's up. (requested by Devta)\n|inactive|OriMarti has 60 seconds left.\n|inactive|OriMarti has 30 seconds left.\n|inactive|OriMarti has 20 seconds left.\n|inactive|OriMarti has 15 seconds left.\n|\n|t:|1776282377\n|teamsize|p1|4\n|teamsize|p2|4\n|start\n|switch|p1a: Pelipper|Pelipper, L50, F|100/100\n|switch|p1b: Sneasler|Sneasler, L50, M|100/100\n|switch|p2a: Skarmory|Skarmory, L50, F, shiny|100/100\n|switch|p2b: Incineroar|Incineroar, L50, M|100/100\n|-ability|p1b: Sneasler|Pressure\n|-weather|RainDance|[from] ability: Drizzle|[of] p1a: Pelipper\n|-ability|p2b: Incineroar|Intimidate|boost\n|-unboost|p1a: Pelipper|atk|1\n|-unboost|p1b: Sneasler|atk|1\n|-enditem|p1b: Sneasler|White Herb\n|-clearnegativeboost|p1b: Sneasler|[silent]\n|turn|1\n|inactive|OriMarti has 30 seconds left.\n|inactive|OriMarti has 20 seconds left.\n|inactive|OriMarti has 15 seconds left.\n|inactive|OriMarti has 10 seconds left.\n|\n|t:|1776282426\n|move|p1b: Sneasler|Fake Out|p2b: Incineroar\n|-damage|p2b: Incineroar|87/100\n|cant|p2b: Incineroar|flinch\n|move|p2a: Skarmory|Tailwind|p2a: Skarmory\n|-sidestart|p2: Devta|move: Tailwind\n|move|p1a: Pelipper|Tailwind|p1a: Pelipper\n|-sidestart|p1: OriMarti|move: Tailwind\n|\n|-weather|RainDance|[upkeep]\n|upkeep\n|turn|2\n|\n|t:|1776282450\n|move|p1b: Sneasler|Dire Claw|p2b: Incineroar\n|-damage|p2b: Incineroar|46/100\n|move|p2a: Skarmory|Brave Bird|p1b: Sneasler\n|-supereffective|p1b: Sneasler|1\n|-damage|p1b: Sneasler|0 fnt\n|faint|p1b: Sneasler\n|-damage|p2a: Skarmory|64/100|[from] Recoil\n|move|p1a: Pelipper|Weather Ball|p2b: Incineroar\n|-supereffective|p2b: Incineroar|1\n|-damage|p2b: Incineroar|0 fnt\n|faint|p2b: Incineroar\n|\n|-weather|RainDance|[upkeep]\n|upkeep\n|\n|t:|1776282465\n|switch|p1b: Scizor|Scizor, L50, F|100/100\n|switch|p2b: Gardevoir|Gardevoir, L50, F, shiny|100/100\n|turn|3\n|\n|t:|1776282487\n|detailschange|p2b: Gardevoir|Gardevoir-Mega, L50, F, shiny\n|-mega|p2b: Gardevoir|Gardevoir|Gardevoirite\n|detailschange|p1b: Scizor|Scizor-Mega, L50, F\n|-mega|p1b: Scizor|Scizor|Scizorite\n|move|p1b: Scizor|Protect|p1b: Scizor\n|-singleturn|p1b: Scizor|Protect\n|move|p2a: Skarmory|Brave Bird|p1b: Scizor\n|-activate|p1b: Scizor|move: Protect\n|move|p2b: Gardevoir|Hyper Voice|p1a: Pelipper|[spread] p1a\n|-activate|p1b: Scizor|move: Protect\n|-damage|p1a: Pelipper|9/100\n|move|p1a: Pelipper|Weather Ball|p2a: Skarmory\n|-damage|p2a: Skarmory|0 fnt\n|faint|p2a: Skarmory\n|\n|-weather|RainDance|[upkeep]\n|upkeep\n|\n|t:|1776282499\n|switch|p2a: Sneasler|Sneasler, L50, M|100/100\n|turn|4\n|inactive|OriMarti has 30 seconds left.\n|inactive|OriMarti has 20 seconds left.\n|inactive|OriMarti has 15 seconds left.\n|inactive|OriMarti has 10 seconds left.\n|\n|t:|1776282545\n|move|p1b: Scizor|Bullet Punch|p2b: Gardevoir\n|-supereffective|p2b: Gardevoir|1\n|-damage|p2b: Gardevoir|0 fnt\n|faint|p2b: Gardevoir\n|move|p2a: Sneasler|Close Combat|p1b: Scizor\n|-damage|p1b: Scizor|47/100\n|-unboost|p2a: Sneasler|def|1\n|-unboost|p2a: Sneasler|spd|1\n|-enditem|p2a: Sneasler|White Herb\n|-clearnegativeboost|p2a: Sneasler|[silent]\n|move|p1a: Pelipper|Hurricane|p2a: Sneasler\n|-supereffective|p2a: Sneasler|1\n|-damage|p2a: Sneasler|0 fnt\n|faint|p2a: Sneasler\n|\n|win|OriMarti\n|raw|OriMarti's rating: 1029 &rarr; <strong>1072</strong><br />(+43 for winning)\n|raw|Devta's rating: 1104 &rarr; <strong>1074</strong><br />(-30 for losing)\n",
  "uploadtime": 1776282545,
  "views": 18,
  "formatid": "gen9championsvgc2026regma",
  "rating": 1072,
  "private": 0,
  "password": null
}