{
  "id": "gen9championsvgc2026regma-2583498675",
  "format": "[Gen 9 Champions] VGC 2026 Reg M-A",
  "players": [
    "Torquar",
    "Skeyeris"
  ],
  "log": "|j|\u2606Torquar\n|j|\u2606Skeyeris\n|t:|1776179485\n|gametype|doubles\n|player|p1|Torquar|veteran|1033\n|player|p2|Skeyeris|cheryl|1103\n|gen|9\n|tier|[Gen 9 Champions] VGC 2026 Reg M-A\n|rated|\n|rule|Species Clause: Limit one of each Pok\u00e9mon\n|rule|Item Clause: Limit 1 of each item\n|clearpoke\n|poke|p1|Incineroar, L50, M|\n|poke|p1|Torterra, L50, M|\n|poke|p1|Sinistcha-Masterpiece, L50|\n|poke|p1|Talonflame, L50, F|\n|poke|p1|Zoroark-Hisui, L50, M|\n|poke|p1|Kingambit, L50, M|\n|poke|p2|Chimecho, L50, F|\n|poke|p2|Feraligatr, L50, F|\n|poke|p2|Alcremie, L50, F|\n|poke|p2|Sinistcha, L50|\n|poke|p2|Farigiraf, L50, F|\n|poke|p2|Arcanine-Hisui, L50, M|\n|teampreview|4\n|inactive|Battle timer is ON: inactive players will automatically lose when time's up. (requested by Torquar)\n|inactive|Skeyeris has 60 seconds left.\n|\n|t:|1776179522\n|teamsize|p1|4\n|teamsize|p2|4\n|start\n|switch|p1a: Talonflame|Talonflame, L50, F|100/100\n|switch|p1b: Torterra|Torterra, L50, M|100/100\n|switch|p2a: Feraligatr|Feraligatr, L50, F|100/100\n|switch|p2b: Farigiraf|Farigiraf, L50, F|100/100\n|turn|1\n|\n|t:|1776179544\n|detailschange|p2a: Feraligatr|Feraligatr-Mega, L50, F\n|-mega|p2a: Feraligatr|Feraligatr|Feraligite\n|move|p1a: Talonflame|Tailwind|p1a: Talonflame\n|-sidestart|p1: Torquar|move: Tailwind\n|move|p1b: Torterra|Shell Smash|p1b: Torterra\n|-unboost|p1b: Torterra|def|1\n|-unboost|p1b: Torterra|spd|1\n|-boost|p1b: Torterra|atk|2\n|-boost|p1b: Torterra|spa|2\n|-boost|p1b: Torterra|spe|2\n|-enditem|p1b: Torterra|White Herb\n|-clearnegativeboost|p1b: Torterra|[silent]\n|move|p2a: Feraligatr|Curse|p2a: Feraligatr\n|-unboost|p2a: Feraligatr|spe|1\n|-boost|p2a: Feraligatr|atk|1\n|-boost|p2a: Feraligatr|def|1\n|move|p2b: Farigiraf|Trick Room|p2b: Farigiraf\n|-fieldstart|move: Trick Room|[of] p2b: Farigiraf\n|\n|upkeep\n|turn|2\n|inactive|Torquar has 30 seconds left.\n|inactive|Skeyeris has 30 seconds left.\n|\n|t:|1776179574\n|move|p1a: Talonflame|Acrobatics||[still]\n|cant|p2b: Farigiraf|ability: Armor Tail|Acrobatics|[of] p1a: Talonflame\n|move|p2a: Feraligatr|Double-Edge|p1b: Torterra\n|-damage|p1b: Torterra|0 fnt\n|faint|p1b: Torterra\n|-damage|p2a: Feraligatr|71/100|[from] Recoil\n|move|p2b: Farigiraf|Rain Dance|p2b: Farigiraf\n|-weather|RainDance\n|\n|-weather|RainDance|[upkeep]\n|upkeep\n|-message|Torquar forfeited.\n|\n|win|Skeyeris\n|raw|Torquar's rating: 1033 &rarr; <strong>1021</strong><br />(-12 for losing)\n|raw|Skeyeris's rating: 1103 &rarr; <strong>1123</strong><br />(+20 for winning)\n|l|\u2606Torquar\n|player|p1|\n",
  "uploadtime": 1776179585,
  "views": 17,
  "formatid": "gen9championsvgc2026regma",
  "rating": 1021,
  "private": 0,
  "password": null
}