{
  "id": "gen9championsvgc2026regma-2581123839",
  "format": "[Gen 9 Champions] VGC 2026 Reg M-A",
  "players": [
    "theejohndangerttv",
    "adocks3"
  ],
  "log": "|j|\u2606theejohndangerttv\n|j|\u2606adocks3\n|t:|1775962155\n|gametype|doubles\n|player|p1|theejohndangerttv|hugh|1108\n|player|p2|adocks3|miku-ghost|1045\n|gen|9\n|tier|[Gen 9 Champions] VGC 2026 Reg M-A\n|rated|\n|rule|Species Clause: Limit one of each Pok\u00e9mon\n|rule|Item Clause: Limit 1 of each item\n|clearpoke\n|poke|p1|Sharpedo, L50, M|\n|poke|p1|Typhlosion-Hisui, L50, M|\n|poke|p1|Corviknight, L50, F|\n|poke|p1|Abomasnow, L50, M|\n|poke|p1|Sneasler, L50, M|\n|poke|p1|Whimsicott, L50, F|\n|poke|p2|Aegislash, L50, F|\n|poke|p2|Talonflame, L50, M|\n|poke|p2|Garchomp, L50, F|\n|poke|p2|Floette-Eternal, L50, F|\n|poke|p2|Maushold-Four, L50|\n|poke|p2|Rotom-Wash, L50|\n|teampreview|4\n|\n|t:|1775962177\n|teamsize|p1|4\n|teamsize|p2|4\n|start\n|switch|p1a: Sharpedo|Sharpedo, L50, M|100/100\n|switch|p1b: Whimsicott|Whimsicott, L50, F|100/100\n|switch|p2a: Floette|Floette-Eternal, L50, F, shiny|100/100\n|switch|p2b: Maushold|Maushold-Four, L50|100/100\n|turn|1\n|\n|t:|1775962204\n|detailschange|p1a: Sharpedo|Sharpedo-Mega, L50, M\n|-mega|p1a: Sharpedo|Sharpedo|Sharpedonite\n|detailschange|p2a: Floette|Floette-Mega, L50, F, shiny\n|-mega|p2a: Floette|Floette|Floettite\n|-ability|p2a: Floette|Fairy Aura\n|move|p1b: Whimsicott|Tailwind|p1b: Whimsicott\n|-sidestart|p1: theejohndangerttv|move: Tailwind\n|move|p1a: Sharpedo|Psychic Fangs|p2a: Floette\n|-damage|p2a: Floette|63/100\n|move|p2b: Maushold|Taunt|p1b: Whimsicott\n|-start|p1b: Whimsicott|move: Taunt\n|move|p2a: Floette|Dazzling Gleam|p1a: Sharpedo|[spread] p1a,p1b\n|-supereffective|p1a: Sharpedo|1\n|-damage|p1a: Sharpedo|0 fnt\n|-damage|p1b: Whimsicott|15/100\n|faint|p1a: Sharpedo\n|\n|upkeep\n|\n|t:|1775962216\n|switch|p1a: Abomasnow|Abomasnow, L50, M|100/100\n|-weather|Snowscape|[from] ability: Snow Warning|[of] p1a: Abomasnow\n|turn|2\n|\n|t:|1775962232\n|move|p1b: Whimsicott|Moonblast|p2b: Maushold\n|-damage|p2b: Maushold|44/100\n|move|p2b: Maushold|Taunt|p1a: Abomasnow\n|-start|p1a: Abomasnow|move: Taunt\n|cant|p1a: Abomasnow|move: Taunt|Aurora Veil\n|move|p2a: Floette|Dazzling Gleam|p1a: Abomasnow|[spread] p1a,p1b\n|-crit|p1a: Abomasnow\n|-crit|p1b: Whimsicott\n|-damage|p1a: Abomasnow|44/100\n|-damage|p1b: Whimsicott|0 fnt\n|faint|p1b: Whimsicott\n|\n|-weather|Snowscape|[upkeep]\n|-heal|p1a: Abomasnow|50/100|[from] item: Leftovers\n|upkeep\n|-message|theejohndangerttv forfeited.\n|\n|win|adocks3\n|raw|theejohndangerttv's rating: 1108 &rarr; <strong>1079</strong><br />(-29 for losing)\n|raw|adocks3's rating: 1045 &rarr; <strong>1084</strong><br />(+39 for winning)\n|l|\u2606theejohndangerttv\n|player|p1|\n",
  "uploadtime": 1775962301,
  "views": 13,
  "formatid": "gen9championsvgc2026regma",
  "rating": 1079,
  "private": 0,
  "password": null
}