{
  "id": "gen9championsvgc2026regma-2584623277",
  "format": "[Gen 9 Champions] VGC 2026 Reg M-A",
  "players": [
    "jacinthespuppy",
    "Heavyairplane"
  ],
  "log": "|j|\u2606jacinthespuppy\n|j|\u2606Heavyairplane\n|t:|1776272769\n|gametype|doubles\n|player|p1|jacinthespuppy|dawn-gen4pt|1307\n|player|p2|Heavyairplane|rood|1325\n|gen|9\n|tier|[Gen 9 Champions] VGC 2026 Reg M-A\n|rated|\n|rule|Species Clause: Limit one of each Pok\u00e9mon\n|rule|Item Clause: Limit 1 of each item\n|clearpoke\n|poke|p1|Tyranitar, L50, F|\n|poke|p1|Excadrill, L50, F|\n|poke|p1|Dragapult, L50, M|\n|poke|p1|Rotom-Heat, L50|\n|poke|p1|Sinistcha, L50|\n|poke|p1|Basculegion, L50, M|\n|poke|p2|Sableye, L50, F|\n|poke|p2|Basculegion, L50, M|\n|poke|p2|Dragonite, L50, F|\n|poke|p2|Pelipper, L50, M|\n|poke|p2|Farigiraf, L50, M|\n|poke|p2|Kingambit, L50, M|\n|teampreview|4\n|inactive|Battle timer is ON: inactive players will automatically lose when time's up. (requested by Heavyairplane)\n|inactive|jacinthespuppy also wants the timer to be on.\n|inactive|jacinthespuppy has 60 seconds left.\n|\n|t:|1776272809\n|teamsize|p1|4\n|teamsize|p2|4\n|start\n|switch|p1a: trick choice scarf|Rotom-Heat, L50|100/100\n|switch|p1b: uzi|Dragapult, L50, M|100/100\n|switch|p2a: Sableye|Sableye, L50, F|100/100\n|switch|p2b: Basculegion|Basculegion, L50, M|100/100\n|turn|1\n|inactive|Heavyairplane has 30 seconds left.\n|inactive|Heavyairplane has 20 seconds left.\n|\n|t:|1776272848\n|move|p1a: trick choice scarf|Protect|p1a: trick choice scarf\n|-singleturn|p1a: trick choice scarf|Protect\n|move|p2a: Sableye|Rain Dance|p2a: Sableye\n|-weather|RainDance\n|move|p2b: Basculegion|Wave Crash|p1a: trick choice scarf\n|-activate|p1a: trick choice scarf|move: Protect\n|move|p1b: uzi|Shadow Ball|p2b: Basculegion\n|-supereffective|p2b: Basculegion|1\n|-damage|p2b: Basculegion|17/100\n|-unboost|p2b: Basculegion|spd|1\n|\n|-weather|RainDance|[upkeep]\n|upkeep\n|turn|2\n|\n|t:|1776272870\n|move|p2a: Sableye|Encore|p1a: trick choice scarf\n|-start|p1a: trick choice scarf|Encore\n|move|p1a: trick choice scarf|Protect|p1a: trick choice scarf\n|-singleturn|p1a: trick choice scarf|Protect\n|move|p2b: Basculegion|Last Respects|p1b: uzi\n|-supereffective|p1b: uzi|1\n|-damage|p1b: uzi|27/100\n|move|p1b: uzi|Draco Meteor|p2a: Sableye\n|-damage|p2a: Sableye|0 fnt\n|-unboost|p1b: uzi|spa|2\n|faint|p2a: Sableye\n|-enditem|p1b: uzi|White Herb\n|-clearnegativeboost|p1b: uzi|[silent]\n|\n|-weather|RainDance|[upkeep]\n|upkeep\n|\n|t:|1776272884\n|switch|p2a: Dragonite|Dragonite, L50, F|100/100\n|turn|3\n|\n|t:|1776272902\n|switch|p1a: big boss|Tyranitar, L50, F|100/100\n|-weather|Sandstorm|[from] ability: Sand Stream|[of] p1a: big boss\n|detailschange|p2a: Dragonite|Dragonite-Mega, L50, F\n|-mega|p2a: Dragonite|Dragonite|Dragoninite\n|move|p1b: uzi|Shadow Ball|p2b: Basculegion\n|-supereffective|p2b: Basculegion|1\n|-damage|p2b: Basculegion|0 fnt\n|faint|p2b: Basculegion\n|move|p2a: Dragonite|Draco Meteor|p1a: big boss\n|-crit|p1a: big boss\n|-damage|p1a: big boss|31/100\n|-unboost|p2a: Dragonite|spa|2\n|\n|-weather|Sandstorm|[upkeep]\n|-damage|p1b: uzi|21/100|[from] Sandstorm\n|-damage|p2a: Dragonite|94/100|[from] Sandstorm\n|upkeep\n|\n|t:|1776272914\n|switch|p2b: Pelipper|Pelipper, L50, M|100/100\n|-weather|RainDance|[from] ability: Drizzle|[of] p2b: Pelipper\n|turn|4\n|\n|t:|1776272931\n|detailschange|p1a: big boss|Tyranitar-Mega, L50, F\n|-mega|p1a: big boss|Tyranitar|Tyranitarite\n|-weather|Sandstorm|[from] ability: Sand Stream|[of] p1a: big boss\n|move|p1b: uzi|Draco Meteor|p2a: Dragonite\n|-supereffective|p2a: Dragonite|1\n|-damage|p2a: Dragonite|0 fnt\n|-unboost|p1b: uzi|spa|2\n|faint|p2a: Dragonite\n|move|p2b: Pelipper|Weather Ball|p1a: big boss\n|-damage|p1a: big boss|15/100\n|move|p1a: big boss|Rock Slide|p2b: Pelipper\n|-supereffective|p2b: Pelipper|1\n|-damage|p2b: Pelipper|0 fnt\n|faint|p2b: Pelipper\n|\n|win|jacinthespuppy\n|raw|jacinthespuppy's rating: 1307 &rarr; <strong>1328</strong><br />(+21 for winning)\n|raw|Heavyairplane's rating: 1325 &rarr; <strong>1304</strong><br />(-21 for losing)\n|l|\u2606Heavyairplane\n|player|p2|\n|c|\u2606jacinthespuppy|gg\n|l|\u2606jacinthespuppy\n|player|p1|\n|j|\u2606jacinthespuppy\n|player|p1|jacinthespuppy|dawn-gen4pt|\n",
  "uploadtime": 1776273036,
  "views": 47,
  "formatid": "gen9championsvgc2026regma",
  "rating": 1304,
  "private": 0,
  "password": null
}