{
  "id": "gen9championsvgc2026regma-2585571902",
  "format": "[Gen 9 Champions] VGC 2026 Reg M-A",
  "players": [
    "ppyyy",
    "yagostik"
  ],
  "log": "|j|\u2606ppyyy\n|j|\u2606yagostik\n|html|<table width=\"100%\"><tr><td align=\"left\">ppyyy</td><td align=\"right\">yagostik</tr><tr><td align=\"left\"><i class=\"fa fa-circle-o\"></i> <i class=\"fa fa-circle-o\"></i> </td><td align=\"right\"><i class=\"fa fa-circle-o\"></i> <i class=\"fa fa-circle-o\"></i> </tr></table>\n|uhtml|bestof|<h2><strong>Game 1</strong> of <a href=\"/game-bestof3-gen9championsvgc2026regma-2585571901\">a best-of-3</a></h2>\n|t:|1776356295\n|gametype|doubles\n|player|p1|ppyyy|elesa-gen5bw2|\n|player|p2|yagostik|bruno|\n|gen|9\n|tier|[Gen 9 Champions] VGC 2026 Reg M-A\n|rated|Tournament battle\n|rule|Species Clause: Limit one of each Pok\u00e9mon\n|rule|Item Clause: Limit 1 of each item\n|raw|<div class=\"infobox\"><details class=\"readmore\" open><summary><strong>2 custom rules:</strong></summary> Force Open Team Sheets, Best of = 3</details></div>\n|clearpoke\n|poke|p1|Sylveon, L50, M|\n|poke|p1|Farigiraf, L50, F|\n|poke|p1|Basculegion, L50, M|\n|poke|p1|Sneasler, L50, M|\n|poke|p1|Kangaskhan, L50, F|\n|poke|p1|Kingambit, L50, F|\n|poke|p2|Beedrill, L50, F|\n|poke|p2|Clefable, L50, F|\n|poke|p2|Arcanine-Hisui, L50, F|\n|poke|p2|Whimsicott, L50, F|\n|poke|p2|Milotic, L50, F|\n|poke|p2|Kingambit, L50, M|\n|teampreview|4\n|showteam|p1|Sylveon||FairyFeather|Pixilate|HyperVoice,Moonblast,MysticalFire,Detect|||M|||50|]Farigiraf||SitrusBerry|ArmorTail|Psychic,HyperVoice,HelpingHand,TrickRoom|||F|||50|]Basculegion||ChoiceScarf|Adaptability|WaveCrash,LastRespects,Liquidation,FlipTurn|||M|||50|]Sneasler||WhiteHerb|Unburden|CloseCombat,DireClaw,Coaching,Protect|||M|||50|]Kangaskhan||Kangaskhanite|Scrappy|FakeOut,DrainPunch,DoubleEdge,SuckerPunch|||F|||50|]Kingambit||ChopleBerry|Defiant|KowtowCleave,SuckerPunch,LowKick,IronHead|||F|||50|\n|showteam|p2|Beedrill||Beedrillite|Sniper|Uturn,Protect,PoisonJab,Lunge|||F|||50|]Clefable||SitrusBerry|Unaware|FollowMe,Protect,Moonblast,AfterYou|||F|||50|]Arcanine-Hisui||ChoiceScarf|Intimidate|RockSlide,FlareBlitz,ExtremeSpeed,WildCharge|||F|||50|]Whimsicott||FocusSash|Prankster|Tailwind,Encore,Moonblast,StunSpore|||F|||50|]Milotic||Leftovers|Competitive|IcyWind,Protect,Scald,Recover|||F|||50|]Kingambit||ChopleBerry|Defiant|Protect,KowtowCleave,SuckerPunch,LowKick|||M|||50|\n|inactive|Battle timer is ON: inactive players will automatically lose when time's up. (requested by yagostik)\n|c|\u2606yagostik|glhf\n|c|\u2606ppyyy|u2\n|j| do something babe\n|inactive|ppyyy has 60 seconds left.\n|inactive|yagostik has 60 seconds left.\n|\n|t:|1776356337\n|teamsize|p1|4\n|teamsize|p2|4\n|start\n|switch|p1a: Kingambit|Kingambit, L50, F|100/100\n|switch|p1b: Basculegion|Basculegion, L50, M|100/100\n|switch|p2a: Beedrill|Beedrill, L50, F|100/100\n|switch|p2b: Clefable|Clefable, L50, F|100/100\n|turn|1\n|\n|t:|1776356354\n|detailschange|p2a: Beedrill|Beedrill-Mega, L50, F\n|-mega|p2a: Beedrill|Beedrill|Beedrillite\n|move|p2b: Clefable|Follow Me|p2b: Clefable\n|-singleturn|p2b: Clefable|move: Follow Me\n|move|p2a: Beedrill|U-turn|p1a: Kingambit\n|-damage|p1a: Kingambit|60/100\n|\n|t:|1776356364\n|switch|p2a: Kingambit|Kingambit, L50, M|100/100|[from] U-turn\n|move|p1b: Basculegion|Wave Crash|p2b: Clefable\n|-damage|p2b: Clefable|27/100\n|-enditem|p2b: Clefable|Sitrus Berry|[eat]\n|-heal|p2b: Clefable|52/100|[from] item: Sitrus Berry\n|-damage|p1b: Basculegion|79/100|[from] Recoil\n|move|p1a: Kingambit|Iron Head|p2b: Clefable\n|-supereffective|p2b: Clefable|1\n|-damage|p2b: Clefable|0 fnt\n|faint|p2b: Clefable\n|\n|upkeep\n|\n|t:|1776356368\n|switch|p2b: Beedrill|Beedrill-Mega, L50, F|100/100\n|turn|2\n|\n|t:|1776356386\n|move|p2a: Kingambit|Sucker Punch|p1b: Basculegion\n|-supereffective|p1b: Basculegion|1\n|-damage|p1b: Basculegion|0 fnt\n|faint|p1b: Basculegion\n|move|p2b: Beedrill|U-turn|p1a: Kingambit\n|-damage|p1a: Kingambit|21/100\n|\n|t:|1776356391\n|switch|p2b: Arcanine|Arcanine-Hisui, L50, F|100/100|[from] U-turn\n|-ability|p2b: Arcanine|Intimidate|boost\n|-unboost|p1a: Kingambit|atk|1\n|-ability|p1a: Kingambit|Defiant|boost\n|-boost|p1a: Kingambit|atk|2\n|move|p1a: Kingambit|Low Kick|p2a: Kingambit\n|-supereffective|p2a: Kingambit|2\n|-enditem|p2a: Kingambit|Chople Berry|[eat]\n|-enditem|p2a: Kingambit|Chople Berry|[weaken]\n|-damage|p2a: Kingambit|0 fnt\n|faint|p2a: Kingambit\n|\n|upkeep\n|\n|t:|1776356407\n|switch|p1b: Kangaskhan|Kangaskhan, L50, F|100/100\n|switch|p2a: Beedrill|Beedrill-Mega, L50, F|100/100\n|turn|3\n|\n|t:|1776356416\n|detailschange|p1b: Kangaskhan|Kangaskhan-Mega, L50, F\n|-mega|p1b: Kangaskhan|Kangaskhan|Kangaskhanite\n|move|p1b: Kangaskhan|Fake Out|p2b: Arcanine\n|-resisted|p2b: Arcanine|1\n|-crit|p2b: Arcanine\n|-damage|p2b: Arcanine|80/100\n|-resisted|p2b: Arcanine|1\n|-damage|p2b: Arcanine|77/100\n|-hitcount|p2b: Arcanine|2\n|move|p1a: Kingambit|Sucker Punch|p2a: Beedrill\n|-damage|p2a: Beedrill|0 fnt\n|faint|p2a: Beedrill\n|cant|p2b: Arcanine|flinch\n|\n|upkeep\n|turn|4\n|\n|t:|1776356425\n|move|p1a: Kingambit|Sucker Punch|p2b: Arcanine\n|-damage|p2b: Arcanine|2/100\n|move|p2b: Arcanine|Flare Blitz|p1a: Kingambit\n|-supereffective|p1a: Kingambit|1\n|-damage|p1a: Kingambit|0 fnt\n|faint|p1a: Kingambit\n|-damage|p2b: Arcanine|0 fnt|[from] Recoil\n|faint|p2b: Arcanine\n|\n|win|ppyyy\n||yagostik is ready for game 2.\n|l|\u2606yagostik\n|player|p2|\n|inactive|ppyyy has 30 seconds to confirm battle start!\n|inactive|ppyyy has 20 seconds to confirm battle start!\n||ppyyy is ready for game 2.\n|uhtml|next|Next: <a href=\"/battle-gen9championsvgc2026regma-2585574383\"><strong>Game 2 of 3</strong></a>\n|l| do something babe\n",
  "uploadtime": 1776356680,
  "views": 13,
  "formatid": "gen9championsvgc2026regma",
  "rating": null,
  "private": 0,
  "password": null
}