{
  "id": "gen9championsvgc2026regma-2585405733",
  "format": "[Gen 9 Champions] VGC 2026 Reg M-A",
  "players": [
    "Jah_08",
    "Seele27"
  ],
  "log": "|j|\u2606Jah_08\n|j|\u2606Seele27\n|t:|1776344966\n|gametype|doubles\n|player|p1|Jah_08|alder|1180\n|player|p2|Seele27|sonia|1137\n|gen|9\n|tier|[Gen 9 Champions] VGC 2026 Reg M-A\n|rated|\n|rule|Species Clause: Limit one of each Pok\u00e9mon\n|rule|Item Clause: Limit 1 of each item\n|clearpoke\n|poke|p1|Excadrill, L50, M|\n|poke|p1|Whimsicott, L50, M|\n|poke|p1|Chandelure, L50, F|\n|poke|p1|Zoroark-Hisui, L50, M|\n|poke|p1|Basculegion, L50, M|\n|poke|p1|Hydreigon, L50, M|\n|poke|p2|Camerupt, L50, F|\n|poke|p2|Oranguru, L50, F|\n|poke|p2|Whimsicott, L50, F|\n|poke|p2|Rhyperior, L50, F|\n|poke|p2|Rotom-Mow, L50|\n|poke|p2|Milotic, L50, F|\n|teampreview|4\nJah_08 rejected open team sheets.\n|\n|t:|1776345001\n|teamsize|p1|4\n|teamsize|p2|4\n|start\n|switch|p1a: Hydreigon|Hydreigon, L50, M|100/100\n|switch|p1b: Basculegion|Basculegion, L50, M|100/100\n|switch|p2a: Oranguru|Oranguru, L50, F|100/100\n|switch|p2b: Rhyperior|Rhyperior, L50, F|100/100\n|turn|1\n|\n|t:|1776345022\n|switch|p2b: Rotom|Rotom-Mow, L50|100/100\n|move|p1b: Basculegion|Wave Crash|p2a: Oranguru\n|-damage|p2a: Oranguru|47/100\n|-damage|p1b: Basculegion|83/100|[from] Recoil\n|move|p1a: Hydreigon|Dark Pulse|p2a: Oranguru\n|-supereffective|p2a: Oranguru|1\n|-damage|p2a: Oranguru|0 fnt\n|faint|p2a: Oranguru\n|\n|upkeep\n|\n|t:|1776345032\n|switch|p2a: Rhyperior|Rhyperior, L50, F|100/100\n|turn|2\n|\n|t:|1776345046\n|move|p2b: Rotom|Will-O-Wisp|p1b: Basculegion|[miss]\n|-miss|p2b: Rotom|p1b: Basculegion\n|move|p1b: Basculegion|Wave Crash|p2a: Rhyperior\n|-supereffective|p2a: Rhyperior|2\n|-crit|p2a: Rhyperior\n|-damage|p2a: Rhyperior|0 fnt\n|faint|p2a: Rhyperior\n|-damage|p1b: Basculegion|45/100|[from] Recoil\n|move|p1a: Hydreigon|Heat Wave|p2b: Rotom\n|-supereffective|p2b: Rotom|1\n|-damage|p2b: Rotom|12/100\n|\n|upkeep\n|\n|t:|1776345051\n|switch|p2a: Camerupt|Camerupt, L50, F|100/100\n|turn|3\n|\n|t:|1776345064\n|detailschange|p2a: Camerupt|Camerupt-Mega, L50, F\n|-mega|p2a: Camerupt|Camerupt|Cameruptite\n|move|p2b: Rotom|Will-O-Wisp|p1b: Basculegion\n|-status|p1b: Basculegion|brn\n|move|p1b: Basculegion|Wave Crash|p2a: Camerupt\n|-supereffective|p2a: Camerupt|2\n|-crit|p2a: Camerupt\n|-damage|p2a: Camerupt|0 fnt\n|faint|p2a: Camerupt\n|-damage|p1b: Basculegion|15/100 brn|[from] Recoil\n|move|p1a: Hydreigon|Dark Pulse|p2b: Rotom\n|-damage|p2b: Rotom|0 fnt\n|faint|p2b: Rotom\n|\n|win|Jah_08\n|raw|Jah_08's rating: 1180 &rarr; <strong>1202</strong><br />(+22 for winning)\n|raw|Seele27's rating: 1137 &rarr; <strong>1115</strong><br />(-22 for losing)\n|l|\u2606Seele27\n|player|p2|\n",
  "uploadtime": 1776345081,
  "views": 19,
  "formatid": "gen9championsvgc2026regma",
  "rating": 1115,
  "private": 0,
  "password": null
}