{
  "id": "gen9championsvgc2026regma-2587258461",
  "format": "[Gen 9 Champions] VGC 2026 Reg M-A",
  "players": [
    "lolgz",
    "HazyWazy78"
  ],
  "log": "|j|\u2606lolgz\n|j|\u2606HazyWazy78\n|t:|1776515371\n|gametype|doubles\n|player|p1|lolgz|dawn|1273\n|player|p2|HazyWazy78|policeman-gen4|1332\n|gen|9\n|tier|[Gen 9 Champions] VGC 2026 Reg M-A\n|rated|\n|rule|Species Clause: Limit one of each Pok\u00e9mon\n|rule|Item Clause: Limit 1 of each item\n|clearpoke\n|poke|p1|Floette-Eternal, L50, F|\n|poke|p1|Aerodactyl, L50, F|\n|poke|p1|Basculegion, L50, M|\n|poke|p1|Delphox, L50, M|\n|poke|p1|Garchomp, L50, M|\n|poke|p1|Sinistcha, L50|\n|poke|p2|Meganium, L50, F|\n|poke|p2|Politoed, L50, F|\n|poke|p2|Archaludon, L50, F|\n|poke|p2|Aggron, L50, M|\n|poke|p2|Sylveon, L50, F|\n|poke|p2|Incineroar, L50, M|\n|teampreview|4\n|\n|t:|1776515403\n|teamsize|p1|4\n|teamsize|p2|4\n|start\n|switch|p1a: Aerodactyl|Aerodactyl, L50, F|100/100\n|switch|p1b: Garchomp|Garchomp, L50, M|100/100\n|switch|p2a: Politoed|Politoed, L50, F|100/100\n|switch|p2b: Aggron|Aggron, L50, M|100/100\n|-ability|p1a: Aerodactyl|Unnerve\n|-weather|RainDance|[from] ability: Drizzle|[of] p2a: Politoed\n|turn|1\n|\n|t:|1776515426\n|detailschange|p2b: Aggron|Aggron-Mega, L50, M\n|-mega|p2b: Aggron|Aggron|Aggronite\n|move|p1a: Aerodactyl|Rock Slide|p2a: Politoed|[spread] p2a,p2b\n|-resisted|p2b: Aggron|1\n|-damage|p2a: Politoed|73/100\n|-damage|p2b: Aggron|94/100\n|move|p1b: Garchomp|Earthquake|p2b: Aggron|[spread] p2a,p2b\n|-immune|p1a: Aerodactyl\n|-supereffective|p2b: Aggron|1\n|-damage|p2a: Politoed|28/100\n|-damage|p2b: Aggron|63/100\n|cant|p2a: Politoed|flinch\n|cant|p2b: Aggron|flinch\n|\n|-weather|RainDance|[upkeep]\n|upkeep\n|turn|2\n|\n|t:|1776515441\n|move|p1a: Aerodactyl|Rock Slide|p2b: Aggron|[spread] p2a,p2b\n|-resisted|p2b: Aggron|1\n|-damage|p2a: Politoed|0 fnt\n|-damage|p2b: Aggron|56/100\n|faint|p2a: Politoed\n|move|p1b: Garchomp|Earthquake|p2b: Aggron|[spread] p2b\n|-immune|p1a: Aerodactyl\n|-supereffective|p2b: Aggron|1\n|-damage|p2b: Aggron|28/100\n|move|p2b: Aggron|Iron Defense|p2b: Aggron\n|-boost|p2b: Aggron|def|2\n|\n|-weather|RainDance|[upkeep]\n|upkeep\n|\n|t:|1776515450\n|switch|p2a: Incineroar|Incineroar, L50, M|100/100\n|-ability|p2a: Incineroar|Intimidate|boost\n|-unboost|p1a: Aerodactyl|atk|1\n|-unboost|p1b: Garchomp|atk|1\n|-enditem|p1b: Garchomp|White Herb\n|-clearnegativeboost|p1b: Garchomp|[silent]\n|turn|3\n|\n|t:|1776515458\n|move|p2a: Incineroar|Fake Out|p1b: Garchomp\n|-damage|p1b: Garchomp|90/100\n|move|p1a: Aerodactyl|Rock Slide|p2a: Incineroar|[spread] p2a,p2b\n|-supereffective|p2a: Incineroar|1\n|-crit|p2a: Incineroar\n|-resisted|p2b: Aggron|1\n|-damage|p2a: Incineroar|37/100\n|-damage|p2b: Aggron|26/100\n|cant|p1b: Garchomp|flinch\n|move|p2b: Aggron|Heavy Slam|p1a: Aerodactyl\n|-supereffective|p1a: Aerodactyl|1\n|-enditem|p1a: Aerodactyl|Focus Sash\n|-damage|p1a: Aerodactyl|1/100\n|\n|-weather|RainDance|[upkeep]\n|upkeep\n|turn|4\n|\n|t:|1776515477\n|move|p1a: Aerodactyl|Rock Slide|p2b: Aggron|[spread] p2a,p2b\n|-supereffective|p2a: Incineroar|1\n|-resisted|p2b: Aggron|1\n|-damage|p2a: Incineroar|10/100\n|-damage|p2b: Aggron|24/100\n|move|p1b: Garchomp|Earthquake|p2a: Incineroar|[spread] p2a,p2b\n|-immune|p1a: Aerodactyl\n|-supereffective|p2a: Incineroar|1\n|-supereffective|p2b: Aggron|1\n|-crit|p2b: Aggron\n|-damage|p2a: Incineroar|0 fnt\n|-damage|p2b: Aggron|0 fnt\n|faint|p2a: Incineroar\n|faint|p2b: Aggron\n|\n|-weather|RainDance|[upkeep]\n|upkeep\n|-message|HazyWazy78 forfeited.\n|\n|win|lolgz\n|raw|lolgz's rating: 1273 &rarr; <strong>1302</strong><br />(+29 for winning)\n|raw|HazyWazy78's rating: 1332 &rarr; <strong>1309</strong><br />(-23 for losing)\n|l|\u2606HazyWazy78\n|player|p2|\n",
  "uploadtime": 1776515481,
  "views": 36,
  "formatid": "gen9championsvgc2026regma",
  "rating": 1302,
  "private": 0,
  "password": null
}