{
  "id": "gen9championsvgc2026regma-2588121888",
  "format": "[Gen 9 Champions] VGC 2026 Reg M-A",
  "players": [
    "ronjansje",
    "yuy123"
  ],
  "log": "|j|\u2606ronjansje\n|j|\u2606yuy123\n|t:|1776606617\n|gametype|doubles\n|player|p1|ronjansje|ninjaboy|1344\n|player|p2|yuy123|li|1309\n|gen|9\n|tier|[Gen 9 Champions] VGC 2026 Reg M-A\n|rated|\n|rule|Species Clause: Limit one of each Pok\u00e9mon\n|rule|Item Clause: Limit 1 of each item\n|clearpoke\n|poke|p1|Farigiraf, L50, M|\n|poke|p1|Hatterene, L50, F|\n|poke|p1|Golurk, L50|\n|poke|p1|Camerupt, L50, F|\n|poke|p1|Torkoal, L50, F|\n|poke|p1|Kingambit, L50, M|\n|poke|p2|Floette-Eternal, L50, F|\n|poke|p2|Basculegion, L50, M|\n|poke|p2|Kingambit, L50, M|\n|poke|p2|Froslass, L50, F|\n|poke|p2|Aerodactyl, L50, M|\n|poke|p2|Maushold-Four, L50|\n|teampreview|4\n|inactive|Battle timer is ON: inactive players will automatically lose when time's up. (requested by ronjansje)\nronjansje rejected open team sheets.\n|inactive|yuy123 has 60 seconds left.\n|\n|t:|1776606656\n|teamsize|p1|4\n|teamsize|p2|4\n|start\n|switch|p1a: Farigiraf|Farigiraf, L50, M|100/100\n|switch|p1b: Hatterene|Hatterene, L50, F|100/100\n|switch|p2a: Kingambit|Kingambit, L50, M|100/100\n|switch|p2b: Froslass|Froslass, L50, F|100/100\n|turn|1\n|inactive|ronjansje has 30 seconds left.\n|\n|t:|1776606694\n|detailschange|p2b: Froslass|Froslass-Mega, L50, F\n|-mega|p2b: Froslass|Froslass|Froslassite\n|-weather|Snowscape|[from] ability: Snow Warning|[of] p2b: Froslass\n|move|p2b: Froslass|Shadow Ball|p1b: Hatterene\n|-supereffective|p1b: Hatterene|1\n|-damage|p1b: Hatterene|4/100\n|move|p2a: Kingambit|Kowtow Cleave|p1a: Farigiraf\n|-supereffective|p1a: Farigiraf|1\n|-enditem|p1a: Farigiraf|Colbur Berry|[eat]\n|-enditem|p1a: Farigiraf|Colbur Berry|[weaken]\n|-damage|p1a: Farigiraf|57/100\n|move|p1a: Farigiraf|Psychic Terrain|p1a: Farigiraf\n|-fieldstart|move: Psychic Terrain\n|move|p1b: Hatterene|Trick Room|p1b: Hatterene\n|-fieldstart|move: Trick Room|[of] p1b: Hatterene\n|\n|-weather|Snowscape|[upkeep]\n|upkeep\n|turn|2\n|inactive|yuy123 has 30 seconds left.\n|\n|t:|1776606727\n|switch|p1a: Torkoal|Torkoal, L50, F|100/100\n|-weather|SunnyDay|[from] ability: Drought|[of] p1a: Torkoal\n|switch|p2b: Aerodactyl|Aerodactyl, L50, M|100/100\n|-ability|p2b: Aerodactyl|Unnerve\n|move|p1b: Hatterene|Dazzling Gleam|p2b: Aerodactyl|[spread] p2a,p2b\n|-damage|p2a: Kingambit|56/100\n|-damage|p2b: Aerodactyl|44/100\n|move|p2a: Kingambit|Kowtow Cleave|p1a: Torkoal\n|-damage|p1a: Torkoal|65/100\n|\n|-weather|SunnyDay|[upkeep]\n|-heal|p2a: Kingambit|62/100|[from] item: Leftovers\n|upkeep\n|turn|3\n|j| Heraxew\n|inactive|ronjansje has 30 seconds left.\n|inactive|yuy123 has 30 seconds left.\n|\n|t:|1776606761\n|switch|p2a: Froslass|Froslass-Mega, L50, F|100/100\n|-weather|Snowscape|[from] ability: Snow Warning|[of] p2a: Froslass\n|move|p1a: Torkoal|Eruption|p2b: Aerodactyl|[spread] p2a,p2b\n|-supereffective|p2a: Froslass|1\n|-resisted|p2b: Aerodactyl|1\n|-damage|p2a: Froslass|25/100\n|-damage|p2b: Aerodactyl|18/100\n|move|p1b: Hatterene|Expanding Force|p2a: Froslass|[spread] p2a,p2b\n|-damage|p2a: Froslass|0 fnt\n|-damage|p2b: Aerodactyl|0 fnt\n|faint|p2a: Froslass\n|faint|p2b: Aerodactyl\n|\n|-weather|Snowscape|[upkeep]\n|upkeep\n|l| Heraxew\n|\n|t:|1776606773\n|switch|p2a: Basculegion|Basculegion, L50, M|100/100\n|switch|p2b: Kingambit|Kingambit, L50, M|62/100\n|turn|4\n|\n|t:|1776606788\n|move|p1a: Torkoal|Eruption|p2b: Kingambit|[spread] p2a,p2b\n|-resisted|p2a: Basculegion|1\n|-supereffective|p2b: Kingambit|1\n|-damage|p2a: Basculegion|80/100\n|-damage|p2b: Kingambit|0 fnt\n|faint|p2b: Kingambit\n|move|p1b: Hatterene|Expanding Force|p2a: Basculegion\n|-damage|p2a: Basculegion|0 fnt\n|faint|p2a: Basculegion\n|\n|win|ronjansje\n|raw|ronjansje's rating: 1344 &rarr; <strong>1362</strong><br />(+18 for winning)\n|raw|yuy123's rating: 1309 &rarr; <strong>1291</strong><br />(-18 for losing)\n",
  "uploadtime": 1776606791,
  "views": 12,
  "formatid": "gen9championsvgc2026regma",
  "rating": 1291,
  "private": 0,
  "password": null
}