{
  "id": "gen9championsvgc2026regma-2583029097",
  "format": "[Gen 9 Champions] VGC 2026 Reg M-A",
  "players": [
    "sodarist",
    "Tertryg"
  ],
  "log": "|j|\u2606sodarist\n|j|\u2606Tertryg\n|t:|1776134776\n|gametype|doubles\n|player|p1|sodarist|steven|1106\n|player|p2|Tertryg|blue|1107\n|gen|9\n|tier|[Gen 9 Champions] VGC 2026 Reg M-A\n|rated|\n|rule|Species Clause: Limit one of each Pok\u00e9mon\n|rule|Item Clause: Limit 1 of each item\n|clearpoke\n|poke|p1|Incineroar, L50, F|\n|poke|p1|Sneasler, L50, M|\n|poke|p1|Whimsicott, L50, F|\n|poke|p1|Kingambit, L50, M|\n|poke|p1|Milotic, L50, M|\n|poke|p1|Rotom-Wash, L50|\n|poke|p2|Mudsdale, L50, M|\n|poke|p2|Hawlucha, L50, M|\n|poke|p2|Aerodactyl, L50, F|\n|poke|p2|Froslass, L50, F|\n|poke|p2|Maushold, L50|\n|poke|p2|Zoroark-Hisui, L50, F|\n|teampreview|4\n|inactive|Battle timer is ON: inactive players will automatically lose when time's up. (requested by Tertryg)\nTertryg rejected open team sheets.\n|inactive|sodarist has 60 seconds left.\n|\n|t:|1776134815\n|teamsize|p1|4\n|teamsize|p2|4\n|start\n|switch|p1a: Incineroar|Incineroar, L50, F|100/100\n|switch|p1b: Whimsicott|Whimsicott, L50, F|100/100\n|switch|p2a: Froslass|Froslass, L50, F, shiny|100/100\n|switch|p2b: Maushold|Maushold, L50, shiny|100/100\n|turn|1\n|\n|t:|1776134834\n|detailschange|p2a: Froslass|Froslass-Mega, L50, F, shiny\n|-mega|p2a: Froslass|Froslass|Froslassite\n|-weather|Snowscape|[from] ability: Snow Warning|[of] p2a: Froslass\n|move|p1a: Incineroar|Fake Out|p2b: Maushold\n|-immune|p2b: Maushold\n|move|p1b: Whimsicott|Tailwind|p1b: Whimsicott\n|-sidestart|p1: sodarist|move: Tailwind\n|move|p2b: Maushold|Hyper Voice|p1b: Whimsicott|[spread] p1a,p1b\n|-damage|p1a: Incineroar|63/100\n|-damage|p1b: Whimsicott|47/100\n|move|p2a: Froslass|Nasty Plot|p2a: Froslass\n|-boost|p2a: Froslass|spa|2\n|\n|-weather|Snowscape|[upkeep]\n|upkeep\n|turn|2\n|inactive|sodarist has 30 seconds left.\n|inactive|Tertryg has 30 seconds left.\n|\n|t:|1776134866\n|move|p1b: Whimsicott|Moonblast|p2b: Maushold\n|-damage|p2b: Maushold|20/100\n|-unboost|p2b: Maushold|spa|1\n|replace|p2b: Zoroark|Zoroark-Hisui, L50, F\n|-end|p2b: Zoroark|Illusion\n|move|p1a: Incineroar|Flare Blitz|p2a: Froslass\n|-supereffective|p2a: Froslass|1\n|-damage|p2a: Froslass|0 fnt\n|faint|p2a: Froslass\n|-damage|p1a: Incineroar|39/100|[from] Recoil\n|-enditem|p1a: Incineroar|Sitrus Berry|[eat]\n|-heal|p1a: Incineroar|64/100|[from] item: Sitrus Berry\n|move|p2b: Zoroark|Hyper Voice|p1b: Whimsicott|[spread] p1a,p1b\n|-damage|p1a: Incineroar|39/100\n|-damage|p1b: Whimsicott|16/100\n|\n|-weather|Snowscape|[upkeep]\n|upkeep\n|\n|t:|1776134875\n|switch|p2a: Maushold|Maushold, L50, shiny|100/100\n|turn|3\n|-message|Tertryg forfeited.\n|\n|win|sodarist\n|raw|sodarist's rating: 1106 &rarr; <strong>1131</strong><br />(+25 for winning)\n|raw|Tertryg's rating: 1107 &rarr; <strong>1082</strong><br />(-25 for losing)\n|l|\u2606Tertryg\n|player|p2|\n",
  "uploadtime": 1776134884,
  "views": 14,
  "formatid": "gen9championsvgc2026regma",
  "rating": 1082,
  "private": 0,
  "password": null
}