{
  "id": "gen9championsvgc2026regma-2583283308",
  "format": "[Gen 9 Champions] VGC 2026 Reg M-A",
  "players": [
    "PokeHys2",
    "WalkEmDownM0rt"
  ],
  "log": "|j|\u2606PokeHys2\n|j|\u2606WalkEmDownM0rt\n|t:|1776162977\n|gametype|doubles\n|player|p1|PokeHys2|blackbelt-gen4dp|1501\n|player|p2|WalkEmDownM0rt|boarder|1494\n|gen|9\n|tier|[Gen 9 Champions] VGC 2026 Reg M-A\n|rated|\n|rule|Species Clause: Limit one of each Pok\u00e9mon\n|rule|Item Clause: Limit 1 of each item\n|clearpoke\n|poke|p1|Farigiraf, L50, F|\n|poke|p1|Blastoise, L50, M|\n|poke|p1|Incineroar, L50, F|\n|poke|p1|Sinistcha-Masterpiece, L50|\n|poke|p1|Kommo-o, L50, M|\n|poke|p1|Basculegion, L50, M|\n|poke|p2|Floette-Eternal, L50, F|\n|poke|p2|Garchomp, L50, F|\n|poke|p2|Delphox, L50, F|\n|poke|p2|Basculegion, L50, M|\n|poke|p2|Sneasler, L50, M|\n|poke|p2|Kingambit, L50, F|\n|teampreview|4\n|inactive|Battle timer is ON: inactive players will automatically lose when time's up. (requested by PokeHys2)\n|j| maliciousdeez\n|inactive|PokeHys2 has 60 seconds left.\n|\n|t:|1776163036\n|teamsize|p1|4\n|teamsize|p2|4\n|start\n|switch|p1a: Kommo-o|Kommo-o, L50, M|100/100\n|switch|p1b: Basculegion|Basculegion, L50, M|100/100\n|switch|p2a: Floette|Floette-Eternal, L50, F|100/100\n|switch|p2b: Sneasler|Sneasler, L50, M|100/100\n|turn|1\n|\n|t:|1776163045\n|detailschange|p2a: Floette|Floette-Mega, L50, F\n|-mega|p2a: Floette|Floette|Floettite\n|-ability|p2a: Floette|Fairy Aura\n|move|p2a: Floette|Protect|p2a: Floette\n|-singleturn|p2a: Floette|Protect\n|move|p1b: Basculegion|Wave Crash|p2a: Floette\n|-activate|p2a: Floette|move: Protect\n|move|p2b: Sneasler|Close Combat|p1b: Basculegion\n|-immune|p1b: Basculegion\n|move|p1a: Kommo-o|Clangorous Soul|p1a: Kommo-o\n|-boost|p1a: Kommo-o|atk|1\n|-boost|p1a: Kommo-o|def|1\n|-boost|p1a: Kommo-o|spa|1\n|-boost|p1a: Kommo-o|spd|1\n|-boost|p1a: Kommo-o|spe|1\n|-damage|p1a: Kommo-o|68/100\n|\n|-heal|p1a: Kommo-o|74/100|[from] item: Leftovers\n|upkeep\n|turn|2\n|j| thruxytwo\n|\n|t:|1776163058\n|switch|p2a: Kingambit|Kingambit, L50, F|100/100\n|move|p1a: Kommo-o|Aura Sphere|p2a: Kingambit\n|-supereffective|p2a: Kingambit|2\n|-enditem|p2a: Kingambit|Chople Berry|[eat]\n|-enditem|p2a: Kingambit|Chople Berry|[weaken]\n|-damage|p2a: Kingambit|2/100\n|move|p1b: Basculegion|Wave Crash|p2a: Kingambit\n|-damage|p2a: Kingambit|0 fnt\n|faint|p2a: Kingambit\n|-damage|p1b: Basculegion|99/100|[from] Recoil\n|move|p2b: Sneasler|Close Combat|p1a: Kommo-o\n|-damage|p1a: Kommo-o|30/100\n|-unboost|p2b: Sneasler|def|1\n|-unboost|p2b: Sneasler|spd|1\n|-enditem|p2b: Sneasler|White Herb\n|-clearnegativeboost|p2b: Sneasler|[silent]\n|\n|-heal|p1a: Kommo-o|36/100|[from] item: Leftovers\n|upkeep\n|\n|t:|1776163076\n|switch|p2a: Basculegion|Basculegion, L50, M|100/100\n|turn|3\n|\n|t:|1776163100\n|switch|p1b: Incineroar|Incineroar, L50, F|100/100\n|-ability|p1b: Incineroar|Intimidate|boost\n|-unboost|p2a: Basculegion|atk|1\n|-unboost|p2b: Sneasler|atk|1\n|move|p2b: Sneasler|Close Combat|p1a: Kommo-o\n|-damage|p1a: Kommo-o|8/100\n|-unboost|p2b: Sneasler|def|1\n|-unboost|p2b: Sneasler|spd|1\n|move|p1a: Kommo-o|Clanging Scales|p2b: Sneasler|[spread] p2a,p2b\n|-damage|p2a: Basculegion|33/100\n|-damage|p2b: Sneasler|0 fnt\n|faint|p2b: Sneasler\n|-unboost|p1a: Kommo-o|def|1\n|move|p2a: Basculegion|Last Respects|p1b: Incineroar\n|-resisted|p1b: Incineroar|1\n|-damage|p1b: Incineroar|68/100\n|\n|-heal|p1a: Kommo-o|14/100|[from] item: Leftovers\n|upkeep\n|\n|t:|1776163104\n|switch|p2b: Floette|Floette-Mega, L50, F|100/100\n|-ability|p2b: Floette|Fairy Aura\n|turn|4\n|-message|WalkEmDownM0rt forfeited.\n|\n|win|PokeHys2\n|raw|PokeHys2's rating: 1501 &rarr; <strong>1521</strong><br />(+20 for winning)\n|raw|WalkEmDownM0rt's rating: 1494 &rarr; <strong>1474</strong><br />(-20 for losing)\n|l|\u2606WalkEmDownM0rt\n|player|p2|\n|l| thruxytwo\n",
  "uploadtime": 1776163113,
  "views": 76,
  "formatid": "gen9championsvgc2026regma",
  "rating": 1474,
  "private": 0,
  "password": null
}