{
  "id": "gen9championsvgc2026regma-2582874604",
  "format": "[Gen 9 Champions] VGC 2026 Reg M-A",
  "players": [
    "Snowball_seer",
    "BlackDasein"
  ],
  "log": "|j|\u2606Snowball_seer\n|j|\u2606BlackDasein\n|t:|1776121068\n|gametype|doubles\n|player|p1|Snowball_seer|allister-masters|1124\n|player|p2|BlackDasein|265|1162\n|gen|9\n|tier|[Gen 9 Champions] VGC 2026 Reg M-A\n|rated|\n|rule|Species Clause: Limit one of each Pok\u00e9mon\n|rule|Item Clause: Limit 1 of each item\n|clearpoke\n|poke|p1|Delphox, L50, F|\n|poke|p1|Garchomp, L50, F|\n|poke|p1|Gyarados, L50, M|\n|poke|p1|Rotom-Wash, L50|\n|poke|p1|Whimsicott, L50, F|\n|poke|p1|Clefable, L50, F|\n|poke|p2|Sinistcha, L50|\n|poke|p2|Basculegion, L50, M|\n|poke|p2|Pelipper, L50, M|\n|poke|p2|Kangaskhan, L50, F|\n|poke|p2|Archaludon, L50, F|\n|poke|p2|Arcanine, L50, F|\n|teampreview|4\n|inactive|Battle timer is ON: inactive players will automatically lose when time's up. (requested by Snowball_seer)\n|inactive|Snowball_seer has 60 seconds left.\n|inactive|BlackDasein has 60 seconds left.\n|\n|t:|1776121126\n|teamsize|p1|4\n|teamsize|p2|4\n|start\n|switch|p1a: Delphox|Delphox, L50, F, shiny|100/100\n|switch|p1b: Rotom|Rotom-Wash, L50|100/100\n|switch|p2a: Kangaskhan|Kangaskhan, L50, F|100/100\n|switch|p2b: Archaludon|Archaludon, L50, F|100/100\n|turn|1\n|inactive|Snowball_seer has 30 seconds left.\n|inactive|Snowball_seer has 20 seconds left.\n|inactive|Snowball_seer has 15 seconds left.\n|\n|t:|1776121168\n|detailschange|p2a: Kangaskhan|Kangaskhan-Mega, L50, F\n|-mega|p2a: Kangaskhan|Kangaskhan|Kangaskhanite\n|move|p1a: Delphox|Protect|p1a: Delphox\n|-singleturn|p1a: Delphox|Protect\n|move|p2a: Kangaskhan|Fake Out|p1b: Rotom\n|-damage|p1b: Rotom|79/100\n|-damage|p1b: Rotom|73/100\n|-hitcount|p1b: Rotom|2\n|cant|p1b: Rotom|flinch\n|move|p2b: Archaludon|Draco Meteor|p1a: Delphox\n|-activate|p1a: Delphox|move: Protect\n|\n|upkeep\n|turn|2\n|inactive|Snowball_seer has 30 seconds left.\n|inactive|BlackDasein has 30 seconds left.\n|inactive|BlackDasein has 20 seconds left.\n|\n|t:|1776121203\n|detailschange|p1a: Delphox|Delphox-Mega, L50, F, shiny\n|-mega|p1a: Delphox|Delphox|Delphoxite\n|move|p1a: Delphox|Psychic|p2a: Kangaskhan\n|-damage|p2a: Kangaskhan|58/100\n|move|p1b: Rotom|Volt Switch|p2a: Kangaskhan\n|-damage|p2a: Kangaskhan|31/100\n|\n|t:|1776121210\n|switch|p1b: Garchomp|Garchomp, L50, F|100/100|[from] Volt Switch\n|move|p2a: Kangaskhan|Double-Edge|p1a: Delphox\n|-damage|p1a: Delphox|1/100\n|-damage|p1a: Delphox|0 fnt\n|faint|p1a: Delphox\n|-hitcount|p1: Delphox|2\n|-damage|p2a: Kangaskhan|8/100|[from] Recoil\n|move|p2b: Archaludon|Electro Shot||[still]\n|-prepare|p2b: Archaludon|Electro Shot\n|-boost|p2b: Archaludon|spa|1\n|\n|upkeep\n|\n|t:|1776121226\n|switch|p1a: Rotom|Rotom-Wash, L50|73/100\n|turn|3\n|\n|t:|1776121246\n|move|p2a: Kangaskhan|Protect|p2a: Kangaskhan\n|-singleturn|p2a: Kangaskhan|Protect\n|move|p1a: Rotom|Thunderbolt|p2a: Kangaskhan\n|-activate|p2a: Kangaskhan|move: Protect\n|move|p1b: Garchomp|Earthquake|p2a: Kangaskhan|[spread] p2b\n|-activate|p2a: Kangaskhan|move: Protect\n|-immune|p1a: Rotom|[from] ability: Levitate\n|-supereffective|p2b: Archaludon|1\n|-damage|p2b: Archaludon|24/100\n|-ability|p2b: Archaludon|Stamina|boost\n|-boost|p2b: Archaludon|def|1\n|move|p2b: Archaludon|Electro Shot|p1a: Rotom|[from] lockedmove\n|-damage|p1a: Rotom|0 fnt\n|faint|p1a: Rotom\n|\n|-heal|p2b: Archaludon|30/100|[from] item: Leftovers\n|upkeep\n|\n|t:|1776121252\n|switch|p1a: Clefable|Clefable, L50, F|100/100\n|turn|4\n|-message|Snowball_seer forfeited.\n|\n|win|BlackDasein\n|raw|Snowball_seer's rating: 1124 &rarr; <strong>1102</strong><br />(-22 for losing)\n|raw|BlackDasein's rating: 1162 &rarr; <strong>1184</strong><br />(+22 for winning)\n",
  "uploadtime": 1776121268,
  "views": 21,
  "formatid": "gen9championsvgc2026regma",
  "rating": 1102,
  "private": 0,
  "password": null
}