{
  "id": "gen9championsvgc2026regma-2580887570",
  "format": "[Gen 9 Champions] VGC 2026 Reg M-A",
  "players": [
    "myth44",
    "Ferdford"
  ],
  "log": "|j|\u2606myth44\n|j|\u2606Ferdford\n|t:|1775940657\n|gametype|doubles\n|player|p1|myth44|2|1095\n|player|p2|Ferdford|pilot|1043\n|gen|9\n|tier|[Gen 9 Champions] VGC 2026 Reg M-A\n|rated|\n|rule|Species Clause: Limit one of each Pok\u00e9mon\n|rule|Item Clause: Limit 1 of each item\n|clearpoke\n|poke|p1|Lopunny, L50, F|\n|poke|p1|Aegislash, L50, F|\n|poke|p1|Talonflame, L50, F|\n|poke|p1|Whimsicott, L50, F|\n|poke|p1|Mr. Rime, L50, F|\n|poke|p1|Espeon, L50, F|\n|poke|p2|Typhlosion-Hisui, L50, F|\n|poke|p2|Aerodactyl, L50, M|\n|poke|p2|Torkoal, L50, M|\n|poke|p2|Whimsicott, L50, M|\n|poke|p2|Sneasler, L50, F|\n|poke|p2|Azumarill, L50, M|\n|teampreview|4\n|\n|t:|1775940690\n|teamsize|p1|4\n|teamsize|p2|4\n|start\n|switch|p1a: Lopunny|Lopunny, L50, F, shiny|100/100\n|switch|p1b: Espeon|Espeon, L50, F, shiny|100/100\n|switch|p2a: Torkoal|Torkoal, L50, M|100/100\n|switch|p2b: Typhlosion|Typhlosion-Hisui, L50, F|100/100\n|-weather|SunnyDay|[from] ability: Drought|[of] p2a: Torkoal\n|turn|1\n|\n|t:|1775940707\n|detailschange|p1a: Lopunny|Lopunny-Mega, L50, F, shiny\n|-mega|p1a: Lopunny|Lopunny|Lopunnite\n|move|p1a: Lopunny|Fake Out|p2b: Typhlosion\n|-damage|p2b: Typhlosion|66/100\n|move|p1b: Espeon|Power Gem|p2b: Typhlosion\n|-supereffective|p2b: Typhlosion|1\n|-damage|p2b: Typhlosion|0 fnt\n|faint|p2b: Typhlosion\n|move|p2a: Torkoal|Eruption|p1b: Espeon|[spread] p1a,p1b\n|-damage|p1a: Lopunny|0 fnt\n|-damage|p1b: Espeon|0 fnt\n|faint|p1a: Lopunny\n|faint|p1b: Espeon\n|\n|-weather|SunnyDay|[upkeep]\n|upkeep\n|inactive|Battle timer is ON: inactive players will automatically lose when time's up. (requested by myth44)\n|c|\u2606myth44|YE w\n|\n|t:|1775940726\n|switch|p1a: Whimsicott|Whimsicott, L50, F, shiny|100/100\n|switch|p1b: Talonflame|Talonflame, L50, F, shiny|100/100\n|switch|p2b: Azumarill|Azumarill, L50, M|100/100\n|turn|2\n|inactive|myth44 has 30 seconds left.\n|\n|t:|1775940754\n|move|p1b: Talonflame|Air Cutter|p2b: Azumarill|[spread] p2a,p2b\n|-crit|p2a: Torkoal\n|-damage|p2a: Torkoal|68/100\n|-damage|p2b: Azumarill|83/100\n|move|p1a: Whimsicott|Dazzling Gleam|p2a: Torkoal|[spread] p2a,p2b\n|-resisted|p2a: Torkoal|1\n|-damage|p2a: Torkoal|54/100\n|-damage|p2b: Azumarill|58/100\n|move|p2b: Azumarill|Knock Off|p1a: Whimsicott\n|-resisted|p1a: Whimsicott|1\n|-damage|p1a: Whimsicott|83/100\n|-enditem|p1a: Whimsicott|Focus Sash|[from] move: Knock Off|[of] p2b: Azumarill\n|move|p2a: Torkoal|Eruption|p1b: Talonflame|[spread] p1a,p1b\n|-supereffective|p1a: Whimsicott|1\n|-resisted|p1b: Talonflame|1\n|-damage|p1a: Whimsicott|0 fnt\n|-damage|p1b: Talonflame|65/100\n|faint|p1a: Whimsicott\n|\n|-weather|SunnyDay|[upkeep]\n|upkeep\n|turn|3\n|\n|t:|1775940776\n|move|p1b: Talonflame|Air Cutter|p2a: Torkoal|[spread] p2a\n|-miss|p1b: Talonflame|p2b: Azumarill\n|-damage|p2a: Torkoal|32/100\n|move|p2b: Azumarill|Liquidation|p1b: Talonflame\n|-supereffective|p1b: Talonflame|1\n|-damage|p1b: Talonflame|6/100\n|move|p2a: Torkoal|Weather Ball|p1b: Talonflame\n|-resisted|p1b: Talonflame|1\n|-damage|p1b: Talonflame|0 fnt\n|faint|p1b: Talonflame\n|\n|win|Ferdford\n|raw|myth44's rating: 1095 &rarr; <strong>1067</strong><br />(-28 for losing)\n|raw|Ferdford's rating: 1043 &rarr; <strong>1082</strong><br />(+39 for winning)\n",
  "uploadtime": 1775940796,
  "views": 20,
  "formatid": "gen9championsvgc2026regma",
  "rating": 1067,
  "private": 0,
  "password": null
}