{
  "id": "gen9championsvgc2026regma-2588357775",
  "format": "[Gen 9 Champions] VGC 2026 Reg M-A",
  "players": [
    "grovylephone",
    "KUTF1"
  ],
  "log": "|j|\u2606grovylephone\n|j|\u2606KUTF1\n|t:|1776626872\n|gametype|doubles\n|player|p1|grovylephone|101|1363\n|player|p2|KUTF1|pokemonrangerf|1411\n|gen|9\n|tier|[Gen 9 Champions] VGC 2026 Reg M-A\n|rated|\n|rule|Species Clause: Limit one of each Pok\u00e9mon\n|rule|Item Clause: Limit 1 of each item\n|clearpoke\n|poke|p1|Arcanine-Hisui, L50, M|\n|poke|p1|Zoroark-Hisui, L50, M, shiny|\n|poke|p1|Sableye, L50, F, shiny|\n|poke|p1|Scizor, L50, M, shiny|\n|poke|p1|Primarina, L50, M|\n|poke|p1|Meganium, L50, F, shiny|\n|poke|p2|Delphox, L50, F|\n|poke|p2|Garchomp, L50, F|\n|poke|p2|Whimsicott, L50, F|\n|poke|p2|Incineroar, L50, F|\n|poke|p2|Venusaur, L50, F|\n|poke|p2|Orthworm, L50, F|\n|teampreview|4\n|inactive|Battle timer is ON: inactive players will automatically lose when time's up. (requested by KUTF1)\n|j| ShIp_WrEcK10\n|inactive|grovylephone has 60 seconds left.\n|l| ShIp_WrEcK10\n|\n|t:|1776626910\n|teamsize|p1|4\n|teamsize|p2|4\n|start\n|switch|p1a: Scizor|Scizor, L50, M, shiny|100/100\n|switch|p1b: Meganium|Meganium, L50, F, shiny|100/100\n|switch|p2a: Delphox|Delphox, L50, F|100/100\n|switch|p2b: Whimsicott|Whimsicott, L50, F|100/100\n|turn|1\n|inactive|grovylephone has 30 seconds left.\n|\n|t:|1776626937\n|detailschange|p2a: Delphox|Delphox-Mega, L50, F\n|-mega|p2a: Delphox|Delphox|Delphoxite\n|detailschange|p1b: Meganium|Meganium-Mega, L50, F, shiny\n|-mega|p1b: Meganium|Meganium|Meganiumite\n|move|p2b: Whimsicott|Sunny Day|p2b: Whimsicott\n|-weather|SunnyDay\n|move|p1a: Scizor|Icy Wind|p2a: Delphox|[spread] p2a,p2b\n|-resisted|p2a: Delphox|1\n|-supereffective|p2b: Whimsicott|1\n|-crit|p2b: Whimsicott\n|-damage|p2a: Delphox|94/100\n|-damage|p2b: Whimsicott|42/100\n|-unboost|p2a: Delphox|spe|1\n|-unboost|p2b: Whimsicott|spe|1\n|move|p2a: Delphox|Heat Wave|p1a: Scizor|[spread] p1a,p1b\n|-supereffective|p1b: Meganium|1\n|-damage|p1a: Scizor|0 fnt\n|-damage|p1b: Meganium|0 fnt\n|replace|p1a: Zoroark|Zoroark-Hisui, L50, M, shiny\n|-end|p1a: Zoroark|Illusion\n|faint|p1a: Zoroark\n|faint|p1b: Meganium\n|\n|-weather|SunnyDay|[upkeep]\n|upkeep\n|\n|t:|1776626953\n|switch|p1a: Primarina|Primarina, L50, M|100/100\n|switch|p1b: Scizor|Scizor, L50, M, shiny|100/100\n|turn|2\n|\n|t:|1776626965\n|move|p2b: Whimsicott|Tailwind|p2b: Whimsicott\n|-sidestart|p2: KUTF1|move: Tailwind\n|move|p1b: Scizor|Bullet Punch|p2b: Whimsicott\n|-supereffective|p2b: Whimsicott|1\n|-damage|p2b: Whimsicott|0 fnt\n|faint|p2b: Whimsicott\n|move|p2a: Delphox|Heat Wave|p1a: Primarina|[spread] p1a,p1b\n|-resisted|p1a: Primarina|1\n|-supereffective|p1b: Scizor|2\n|-damage|p1a: Primarina|75/100\n|-damage|p1b: Scizor|0 fnt\n|faint|p1b: Scizor\n|move|p1a: Primarina|Hyper Voice|p2a: Delphox\n|-supereffective|p2a: Delphox|1\n|-damage|p2a: Delphox|34/100\n|\n|-weather|SunnyDay|[upkeep]\n|upkeep\n|\n|t:|1776626969\n|switch|p2b: Orthworm|Orthworm, L50, F|100/100\n|turn|3\n|\n|t:|1776626981\n|move|p2a: Delphox|Psychic|p1a: Primarina\n|-damage|p1a: Primarina|33/100\n|-unboost|p1a: Primarina|spd|1\n|move|p2b: Orthworm|Heavy Slam|p1a: Primarina\n|-damage|p1a: Primarina|0 fnt\n|faint|p1a: Primarina\n|\n|win|KUTF1\n|raw|grovylephone's rating: 1363 &rarr; <strong>1346</strong><br />(-17 for losing)\n|raw|KUTF1's rating: 1411 &rarr; <strong>1428</strong><br />(+17 for winning)\n",
  "uploadtime": 1776626986,
  "views": 11,
  "formatid": "gen9championsvgc2026regma",
  "rating": 1346,
  "private": 0,
  "password": null
}