{
  "id": "gen9championsvgc2026regma-2583857351",
  "format": "[Gen 9 Champions] VGC 2026 Reg M-A",
  "players": [
    "Medoy_2",
    "wqrewqre"
  ],
  "log": "|j|\u2606Medoy_2\n|j|\u203dwqrewqre\n|t:|1776203150\n|gametype|doubles\n|player|p1|Medoy_2|dancer|1117\n|player|p2|wqrewqre|169|1131\n|gen|9\n|tier|[Gen 9 Champions] VGC 2026 Reg M-A\n|rated|\n|rule|Species Clause: Limit one of each Pok\u00e9mon\n|rule|Item Clause: Limit 1 of each item\n|clearpoke\n|poke|p1|Excadrill, L50, F|\n|poke|p1|Sinistcha, L50|\n|poke|p1|Sneasler, L50, F|\n|poke|p1|Aerodactyl, L50, F|\n|poke|p1|Floette-Eternal, L50, F|\n|poke|p1|Incineroar, L50, M|\n|poke|p2|Maushold-Four, L50|\n|poke|p2|Farigiraf, L50, M|\n|poke|p2|Camerupt, L50, M|\n|poke|p2|Hatterene, L50, F|\n|poke|p2|Glaceon, L50, M|\n|poke|p2|Lopunny, L50, M|\n|teampreview|4\n|inactive|Battle timer is ON: inactive players will automatically lose when time's up. (requested by wqrewqre)\n|inactive|wqrewqre has 60 seconds left.\n|\n|t:|1776203202\n|teamsize|p1|4\n|teamsize|p2|4\n|start\n|switch|p1a: Sinistcha|Sinistcha, L50|100/100\n|switch|p1b: Floette|Floette-Eternal, L50, F|100/100\n|switch|p2a: Maushold|Maushold-Four, L50|100/100\n|switch|p2b: Farigiraf|Farigiraf, L50, M|100/100\n|turn|1\n|\n|t:|1776203212\n|detailschange|p1b: Floette|Floette-Mega, L50, F\n|-mega|p1b: Floette|Floette|Floettite\n|-ability|p1b: Floette|Fairy Aura\n|move|p2a: Maushold|U-turn|p1a: Sinistcha\n|-damage|p1a: Sinistcha|89/100\n|\n|t:|1776203215\n|switch|p2a: Camerupt|Camerupt, L50, M|100/100|[from] U-turn\n|move|p1b: Floette|Calm Mind|p1b: Floette\n|-boost|p1b: Floette|spa|1\n|-boost|p1b: Floette|spd|1\n|move|p1a: Sinistcha|Trick Room|p1a: Sinistcha\n|-fieldstart|move: Trick Room|[of] p1a: Sinistcha\n|move|p2b: Farigiraf|Trick Room|p2b: Farigiraf\n|-fieldend|move: Trick Room\n|\n|-heal|p1a: Sinistcha|95/100|[from] item: Leftovers\n|upkeep\n|turn|2\n|\n|t:|1776203231\n|detailschange|p2a: Camerupt|Camerupt-Mega, L50, M\n|-mega|p2a: Camerupt|Camerupt|Cameruptite\n|move|p1b: Floette|Dazzling Gleam|p2b: Farigiraf|[spread] p2a,p2b\n|-resisted|p2a: Camerupt|1\n|-damage|p2a: Camerupt|60/100\n|-damage|p2b: Farigiraf|21/100\n|move|p1a: Sinistcha|Matcha Gotcha|p2b: Farigiraf|[spread] p2a,p2b\n|-damage|p2a: Camerupt|35/100\n|-heal|p1a: Sinistcha|100/100|[from] drain|[of] p2a: Camerupt\n|-damage|p2b: Farigiraf|0 fnt\n|faint|p2b: Farigiraf\n|move|p2a: Camerupt|Heat Wave|p1a: Sinistcha|[spread] p1a,p1b\n|-supereffective|p1a: Sinistcha|1\n|-damage|p1a: Sinistcha|0 fnt\n|-damage|p1b: Floette|72/100\n|faint|p1a: Sinistcha\n|\n|upkeep\n|\n|t:|1776203247\n|switch|p1a: Sneasler|Sneasler, L50, F|100/100\n|switch|p2b: Hatterene|Hatterene, L50, F|100/100\n|turn|3\n|\n|t:|1776203255\n|move|p2a: Camerupt|Protect|p2a: Camerupt\n|-singleturn|p2a: Camerupt|Protect\n|move|p1a: Sneasler|Dire Claw|p2b: Hatterene\n|-supereffective|p2b: Hatterene|1\n|-damage|p2b: Hatterene|0 fnt\n|faint|p2b: Hatterene\n|move|p1b: Floette|Draining Kiss|p2a: Camerupt\n|-activate|p2a: Camerupt|move: Protect\n|\n|upkeep\n|-message|wqrewqre forfeited.\n|\n|win|Medoy_2\n|raw|Medoy_2's rating: 1117 &rarr; <strong>1143</strong><br />(+26 for winning)\n|raw|wqrewqre's rating: 1131 &rarr; <strong>1105</strong><br />(-26 for losing)\n|l|\u203dwqrewqre\n|player|p2|\n",
  "uploadtime": 1776203286,
  "views": 25,
  "formatid": "gen9championsvgc2026regma",
  "rating": 1105,
  "private": 0,
  "password": null
}