{
  "id": "gen9championsvgc2026regma-2587541937",
  "format": "[Gen 9 Champions] VGC 2026 Reg M-A",
  "players": [
    "eruhxd",
    "Volkayn0"
  ],
  "log": "|j|\u2606eruhxd\n|j|\u2606Volkayn0\n|t:|1776540731\n|gametype|doubles\n|player|p1|eruhxd|colress|1117\n|player|p2|Volkayn0|2|1115\n|gen|9\n|tier|[Gen 9 Champions] VGC 2026 Reg M-A\n|rated|\n|rule|Species Clause: Limit one of each Pok\u00e9mon\n|rule|Item Clause: Limit 1 of each item\n|clearpoke\n|poke|p1|Froslass, L50, F|\n|poke|p1|Sneasler, L50, M|\n|poke|p1|Maushold-Four, L50|\n|poke|p1|Beartic, L50, M|\n|poke|p1|Aerodactyl, L50, F|\n|poke|p1|Garchomp, L50, F|\n|poke|p2|Charizard, L50, F|\n|poke|p2|Aerodactyl, L50, F|\n|poke|p2|Venusaur, L50, M|\n|poke|p2|Sneasler, L50, F|\n|poke|p2|Kingambit, L50, M|\n|poke|p2|Garchomp, L50, M|\n|teampreview|4\n|\n|t:|1776540752\n|teamsize|p1|4\n|teamsize|p2|4\n|start\n|switch|p1a: Aerodactyl|Aerodactyl, L50, F|100/100\n|switch|p1b: Sneasler|Sneasler, L50, M|100/100\n|switch|p2a: Charizard|Charizard, L50, F|100/100\n|switch|p2b: Aerodactyl|Aerodactyl, L50, F|100/100\n|-ability|p2b: Aerodactyl|Unnerve\n|-ability|p1a: Aerodactyl|Unnerve\n|turn|1\n|inactive|Battle timer is ON: inactive players will automatically lose when time's up. (requested by eruhxd)\n|\n|t:|1776540770\n|detailschange|p2a: Charizard|Charizard-Mega-Y, L50, F\n|-mega|p2a: Charizard|Charizard|Charizardite Y\n|-weather|SunnyDay|[from] ability: Drought|[of] p2a: Charizard\n|move|p2a: Charizard|Protect|p2a: Charizard\n|-singleturn|p2a: Charizard|Protect\n|move|p1b: Sneasler|Fake Out|p2b: Aerodactyl\n|-resisted|p2b: Aerodactyl|1\n|-damage|p2b: Aerodactyl|88/100\n|cant|p2b: Aerodactyl|flinch\n|move|p1a: Aerodactyl|Tailwind|p1a: Aerodactyl\n|-sidestart|p1: eruhxd|move: Tailwind\n|\n|-weather|SunnyDay|[upkeep]\n|upkeep\n|turn|2\n|\n|t:|1776540792\n|move|p1a: Aerodactyl|Rock Slide|p2b: Aerodactyl|[spread] p2a,p2b\n|-supereffective|p2a: Charizard|2\n|-supereffective|p2b: Aerodactyl|1\n|-damage|p2a: Charizard|0 fnt\n|-damage|p2b: Aerodactyl|7/100\n|faint|p2a: Charizard\n|move|p1b: Sneasler|Dire Claw|p2b: Aerodactyl\n|-resisted|p2b: Aerodactyl|1\n|-damage|p2b: Aerodactyl|0 fnt\n|faint|p2b: Aerodactyl\n|\n|-weather|SunnyDay|[upkeep]\n|upkeep\n|\n|t:|1776540803\n|switch|p2b: Kingambit|Kingambit, L50, M|100/100\n|switch|p2a: Sneasler|Sneasler, L50, F|100/100\n|turn|3\n|\n|t:|1776540821\n|move|p1b: Sneasler|Upper Hand|p2a: Sneasler\n|-resisted|p2a: Sneasler|1\n|-damage|p2a: Sneasler|66/100\n|cant|p2a: Sneasler|flinch\n|move|p1a: Aerodactyl|Dual Wingbeat|p2a: Sneasler\n|-supereffective|p2a: Sneasler|1\n|-damage|p2a: Sneasler|0 fnt\n|faint|p2a: Sneasler\n|-hitcount|p2: Sneasler|1\n|move|p2b: Kingambit|Iron Head|p1a: Aerodactyl\n|-supereffective|p1a: Aerodactyl|1\n|-damage|p1a: Aerodactyl|0 fnt\n|faint|p1a: Aerodactyl\n|\n|-weather|SunnyDay|[upkeep]\n|upkeep\n|\n|t:|1776540827\n|switch|p1a: Garchomp|Garchomp, L50, F|100/100\n|turn|4\n|\n|t:|1776540842\n|move|p2b: Kingambit|Sucker Punch||[still]\n|-fail|p2b: Kingambit\n|move|p1b: Sneasler|Close Combat|p2b: Kingambit\n|-supereffective|p2b: Kingambit|2\n|-damage|p2b: Kingambit|0 fnt\n|-unboost|p1b: Sneasler|def|1\n|-unboost|p1b: Sneasler|spd|1\n|faint|p2b: Kingambit\n|\n|win|eruhxd\n|raw|eruhxd's rating: 1117 &rarr; <strong>1142</strong><br />(+25 for winning)\n|raw|Volkayn0's rating: 1115 &rarr; <strong>1090</strong><br />(-25 for losing)\n",
  "uploadtime": 1776540848,
  "views": 25,
  "formatid": "gen9championsvgc2026regma",
  "rating": 1090,
  "private": 0,
  "password": null
}