{
  "id": "gen9championsvgc2026regma-2581637240",
  "format": "[Gen 9 Champions] VGC 2026 Reg M-A",
  "players": [
    "Sttuarrt",
    "SimMikaze"
  ],
  "log": "|j|\u2606Sttuarrt\n|j|\u2606SimMikaze\n|t:|1776016981\n|gametype|doubles\n|player|p1|Sttuarrt|1|1170\n|player|p2|SimMikaze|miku-ghost|1081\n|gen|9\n|tier|[Gen 9 Champions] VGC 2026 Reg M-A\n|rated|\n|rule|Species Clause: Limit one of each Pok\u00e9mon\n|rule|Item Clause: Limit 1 of each item\n|clearpoke\n|poke|p1|Incineroar, L50, F|\n|poke|p1|Torkoal, L50, M|\n|poke|p1|Starmie, L50|\n|poke|p1|Camerupt, L50, F|\n|poke|p1|Kleavor, L50, F|\n|poke|p1|Farigiraf, L50, F|\n|poke|p2|Hawlucha, L50, M|\n|poke|p2|Snorlax, L50, M|\n|poke|p2|Excadrill, L50, M|\n|poke|p2|Tyranitar, L50, M|\n|poke|p2|Whimsicott, L50, M|\n|poke|p2|Basculegion, L50, M|\n|teampreview|4\n|inactive|Battle timer is ON: inactive players will automatically lose when time's up. (requested by Sttuarrt)\n|\n|t:|1776017016\n|teamsize|p1|4\n|teamsize|p2|4\n|start\n|switch|p1a: Incineroar|Incineroar, L50, F|100/100\n|switch|p1b: Farigiraf|Farigiraf, L50, F|100/100\n|switch|p2a: Hawlucha|Hawlucha, L50, M|100/100\n|switch|p2b: Snorlax|Snorlax, L50, M|100/100\n|-ability|p1a: Incineroar|Intimidate|boost\n|-unboost|p2a: Hawlucha|atk|1\n|-unboost|p2b: Snorlax|atk|1\n|turn|1\n|inactive|SimMikaze has 30 seconds left.\n|\n|t:|1776017049\n|detailschange|p2a: Hawlucha|Hawlucha-Mega, L50, M\n|-mega|p2a: Hawlucha|Hawlucha|Hawluchanite\n|move|p1a: Incineroar|Fake Out|p2b: Snorlax\n|-damage|p2b: Snorlax|91/100\n|move|p2a: Hawlucha|Entrainment|p2b: Snorlax\n|-ability|p2b: Snorlax|No Guard|Thick Fat|[from] move: Entrainment|[of] p2a: Hawlucha\n|cant|p2b: Snorlax|flinch\n|move|p1b: Farigiraf|Trick Room|p1b: Farigiraf\n|-fieldstart|move: Trick Room|[of] p1b: Farigiraf\n|\n|-heal|p2b: Snorlax|97/100|[from] item: Leftovers\n|upkeep\n|turn|2\n|inactive|Sttuarrt has 30 seconds left.\n|\n|t:|1776017078\n|switch|p1b: Torkoal|Torkoal, L50, M|100/100\n|-weather|SunnyDay|[from] ability: Drought|[of] p1b: Torkoal\n|move|p2b: Snorlax|Fissure|p1b: Torkoal\n|-damage|p1b: Torkoal|0 fnt\n|faint|p1b: Torkoal\n|-ohko\n|move|p1a: Incineroar|Flare Blitz|p2b: Snorlax\n|-damage|p2b: Snorlax|40/100\n|-damage|p1a: Incineroar|76/100|[from] Recoil\n|move|p2a: Hawlucha|High Jump Kick|p1a: Incineroar\n|-supereffective|p1a: Incineroar|1\n|-damage|p1a: Incineroar|4/100\n|-enditem|p1a: Incineroar|Sitrus Berry|[eat]\n|-heal|p1a: Incineroar|29/100|[from] item: Sitrus Berry\n|\n|-weather|SunnyDay|[upkeep]\n|-heal|p2b: Snorlax|46/100|[from] item: Leftovers\n|upkeep\n|\n|t:|1776017095\n|switch|p1b: Camerupt|Camerupt, L50, F|100/100\n|turn|3\n|\n|t:|1776017110\n|detailschange|p1b: Camerupt|Camerupt-Mega, L50, F\n|-mega|p1b: Camerupt|Camerupt|Cameruptite\n|move|p2b: Snorlax|Protect|p2b: Snorlax\n|-singleturn|p2b: Snorlax|Protect\n|move|p1b: Camerupt|Earth Power|p2b: Snorlax\n|-activate|p2b: Snorlax|move: Protect\n|move|p1a: Incineroar|Flare Blitz|p2a: Hawlucha\n|-damage|p2a: Hawlucha|4/100\n|-damage|p1a: Incineroar|1/100|[from] Recoil\n|move|p2a: Hawlucha|High Jump Kick|p1a: Incineroar\n|-supereffective|p1a: Incineroar|1\n|-damage|p1a: Incineroar|0 fnt\n|faint|p1a: Incineroar\n|\n|-weather|SunnyDay|[upkeep]\n|-heal|p2b: Snorlax|52/100|[from] item: Leftovers\n|upkeep\n|\n|t:|1776017115\n|switch|p1a: Farigiraf|Farigiraf, L50, F|100/100\n|turn|4\n|\n|t:|1776017127\n|switch|p2a: Tyranitar|Tyranitar, L50, M|100/100\n|-weather|Sandstorm|[from] ability: Sand Stream|[of] p2a: Tyranitar\n|move|p1b: Camerupt|Earth Power|p2b: Snorlax\n|-damage|p2b: Snorlax|12/100\n|move|p2b: Snorlax|Fissure|p1b: Camerupt\n|-damage|p1b: Camerupt|0 fnt\n|faint|p1b: Camerupt\n|-ohko\n|move|p1a: Farigiraf|Hyper Voice|p2a: Tyranitar|[spread] p2a,p2b\n|-resisted|p2a: Tyranitar|1\n|-damage|p2a: Tyranitar|90/100\n|-damage|p2b: Snorlax|0 fnt\n|faint|p2b: Snorlax\n|\n|-weather|Sandstorm|[upkeep]\n|-damage|p1a: Farigiraf|94/100|[from] Sandstorm\n|upkeep\n|-message|Sttuarrt forfeited.\n|\n|win|SimMikaze\n|raw|Sttuarrt's rating: 1170 &rarr; <strong>1139</strong><br />(-31 for losing)\n|raw|SimMikaze's rating: 1081 &rarr; <strong>1116</strong><br />(+35 for winning)\n",
  "uploadtime": 1776017140,
  "views": 17,
  "formatid": "gen9championsvgc2026regma",
  "rating": 1116,
  "private": 0,
  "password": null
}