{
  "id": "gen9championsvgc2026regma-2588637269",
  "format": "[Gen 9 Champions] VGC 2026 Reg M-A",
  "players": [
    "XJQJ",
    "disciple of blahaj"
  ],
  "log": "|j|\u2606XJQJ\n|j|\u2606disciple of blahaj\n|t:|1776652506\n|gametype|doubles\n|player|p1|XJQJ|lady-gen4|1359\n|player|p2|disciple of blahaj|jacinthe|1394\n|gen|9\n|tier|[Gen 9 Champions] VGC 2026 Reg M-A\n|rated|\n|rule|Species Clause: Limit one of each Pok\u00e9mon\n|rule|Item Clause: Limit 1 of each item\n|clearpoke\n|poke|p1|Floette-Eternal, L50, F|\n|poke|p1|Milotic, L50, F|\n|poke|p1|Aegislash, L50, M|\n|poke|p1|Garchomp, L50, F|\n|poke|p1|Aerodactyl, L50, M|\n|poke|p1|Rotom-Wash, L50|\n|poke|p2|Scovillain, L50, M, shiny|\n|poke|p2|Kingambit, L50, M|\n|poke|p2|Kommo-o, L50, M, shiny|\n|poke|p2|Basculegion-F, L50, F|\n|poke|p2|Primarina, L50, M|\n|poke|p2|Sneasler, L50, F|\n|teampreview|4\n|inactive|Battle timer is ON: inactive players will automatically lose when time's up. (requested by disciple of blahaj)\n|\n|t:|1776652538\n|teamsize|p1|4\n|teamsize|p2|4\n|start\n|switch|p1a: Aerodactyl|Aerodactyl, L50, M|100/100\n|switch|p1b: Rotom|Rotom-Wash, L50|100/100\n|switch|p2a: Scovillain|Scovillain, L50, M, shiny|100/100\n|switch|p2b: Basculegion|Basculegion-F, L50, F|100/100\n|-ability|p1a: Aerodactyl|Unnerve\n|turn|1\n|\n|t:|1776652553\n|detailschange|p1a: Aerodactyl|Aerodactyl-Mega, L50, M\n|-mega|p1a: Aerodactyl|Aerodactyl|Aerodactylite\n|move|p1a: Aerodactyl|Protect|p1a: Aerodactyl\n|-singleturn|p1a: Aerodactyl|Protect\n|move|p2b: Basculegion|Protect|p2b: Basculegion\n|-singleturn|p2b: Basculegion|Protect\n|move|p2a: Scovillain|Protect|p2a: Scovillain\n|-singleturn|p2a: Scovillain|Protect\n|move|p1b: Rotom|Thunderbolt|p2b: Basculegion\n|-activate|p2b: Basculegion|move: Protect\n|\n|-ability|p2a: Scovillain|Moody|boost\n|-boost|p2a: Scovillain|atk|2\n|-unboost|p2a: Scovillain|spe|1\n|upkeep\n|turn|2\n|\n|t:|1776652576\n|detailschange|p2a: Scovillain|Scovillain-Mega, L50, M, shiny\n|-mega|p2a: Scovillain|Scovillain|Scovillainite\n|move|p2a: Scovillain|Rage Powder|p2a: Scovillain\n|-singleturn|p2a: Scovillain|move: Rage Powder\n|move|p1a: Aerodactyl|Tailwind|p1a: Aerodactyl\n|-sidestart|p1: XJQJ|move: Tailwind\n|move|p1b: Rotom|Thunderbolt|p2a: Scovillain\n|-resisted|p2a: Scovillain|1\n|-damage|p2a: Scovillain|84/100\n|-status|p1b: Rotom|brn|[from] ability: Spicy Spray|[of] p2a: Scovillain\n|move|p2b: Basculegion|Hex|p1b: Rotom\n|-damage|p1b: Rotom|16/100 brn\n|-enditem|p1b: Rotom|Sitrus Berry|[eat]\n|-heal|p1b: Rotom|41/100 brn|[from] item: Sitrus Berry\n|\n|-damage|p1b: Rotom|35/100 brn|[from] brn\n|upkeep\n|turn|3\n|inactive|disciple of blahaj has 30 seconds left.\n|\n|t:|1776652602\n|move|p2a: Scovillain|Rage Powder|p2a: Scovillain\n|-singleturn|p2a: Scovillain|move: Rage Powder\n|move|p1a: Aerodactyl|Dual Wingbeat|p2a: Scovillain|[miss]\n|-miss|p1a: Aerodactyl|p2a: Scovillain\n|move|p1b: Rotom|Thunderbolt|p2a: Scovillain\n|-resisted|p2a: Scovillain|1\n|-damage|p2a: Scovillain|64/100\n|move|p2b: Basculegion|Muddy Water|p1b: Rotom|[spread] p1a\n|-miss|p2b: Basculegion|p1b: Rotom\n|-supereffective|p1a: Aerodactyl|1\n|-damage|p1a: Aerodactyl|0 fnt\n|faint|p1a: Aerodactyl\n|\n|-damage|p1b: Rotom|29/100 brn|[from] brn\n|upkeep\n|-message|XJQJ forfeited.\n|\n|win|disciple of blahaj\n|raw|XJQJ's rating: 1359 &rarr; <strong>1341</strong><br />(-18 for losing)\n|raw|disciple of blahaj's rating: 1394 &rarr; <strong>1412</strong><br />(+18 for winning)\n|l|\u2606XJQJ\n|player|p1|\n",
  "uploadtime": 1776652619,
  "views": 5,
  "formatid": "gen9championsvgc2026regma",
  "rating": 1341,
  "private": 0,
  "password": null
}