{
  "id": "gen9championsvgc2026regma-2580471434",
  "format": "[Gen 9 Champions] VGC 2026 Reg M-A",
  "players": [
    "magicalarcher57",
    "NathanaelW19"
  ],
  "log": "|j|\u2606magicalarcher57\n|j|\u2606NathanaelW19\n|html|<table width=\"100%\"><tr><td align=\"left\">magicalarcher57</td><td align=\"right\">NathanaelW19</tr><tr><td align=\"left\"><i class=\"fa fa-circle-o\"></i> <i class=\"fa fa-circle-o\"></i> </td><td align=\"right\"><i class=\"fa fa-circle-o\"></i> <i class=\"fa fa-circle-o\"></i> </tr></table>\n|uhtml|bestof|<h2><strong>Game 1</strong> of <a href=\"/game-bestof3-gen9championsvgc2026regma-2580471433\">a best-of-3</a></h2>\n|t:|1775901517\n|gametype|doubles\n|player|p1|magicalarcher57|cynthia-masters4|\n|player|p2|NathanaelW19|dragontamer|\n|gen|9\n|tier|[Gen 9 Champions] VGC 2026 Reg M-A\n|rated|Tournament battle\n|rule|Species Clause: Limit one of each Pok\u00e9mon\n|rule|Item Clause: Limit 1 of each item\n|raw|<div class=\"infobox\"><details class=\"readmore\" open><summary><strong>2 custom rules:</strong></summary> best of=3, force open team sheets</details></div>\n|clearpoke\n|poke|p1|Kangaskhan, L50, F|\n|poke|p1|Farigiraf, L50, M|\n|poke|p1|Basculegion, L50, M|\n|poke|p1|Talonflame, L50, F|\n|poke|p1|Sneasler, L50, F|\n|poke|p1|Kommo-o, L50, F|\n|poke|p2|Medicham, L50, M|\n|poke|p2|Arcanine-Hisui, L50, M|\n|poke|p2|Ninetales-Alola, L50, M|\n|poke|p2|Sneasler, L50, M|\n|poke|p2|Corviknight, L50, F|\n|poke|p2|Hydreigon, L50, M|\n|teampreview|4\n|showteam|p1|Kangaskhan||Kangaskhanite|Scrappy|FakeOut,DrainPunch,DoubleEdge,Crunch|||F|||50|]Farigiraf||MentalHerb|ArmorTail|ShadowBall,HyperVoice,TrickRoom,Psychic|||M|||50|]Basculegion||MysticWater|Adaptability|WaveCrash,LastRespects,AquaJet,Protect|||M|||50|]Talonflame||SharpBeak|GaleWings|Tailwind,Taunt,BraveBird,FlareBlitz|||F|||50|]Sneasler||FocusSash|Unburden|FakeOut,CloseCombat,DireClaw,Protect|||F|||50|]Kommo-o||DragonFang|Overcoat|ClangingScales,ClangorousSoul,Protect,Flamethrower|||F|||50|\n|showteam|p2|Medicham||Medichamite|PurePower|CloseCombat,FakeOut,PsychoCut,Protect|||M|||50|]Arcanine-Hisui||ShucaBerry|Intimidate|ExtremeSpeed,RockSlide,FlareBlitz,Protect|||M|||50|]Ninetales-Alola||MentalHerb|SnowWarning|AuroraVeil,Protect,Moonblast,Blizzard|||M|||50|]Sneasler||WhiteHerb|Unburden|DireClaw,CloseCombat,FakeOut,Protect|||M|||50|]Corviknight||Leftovers|MirrorArmor|BodyPress,BraveBird,Tailwind,Protect|||F|||50|]Hydreigon||ChoiceScarf|Levitate|DracoMeteor,DarkPulse,EarthPower,Flamethrower|||M|||50|\n|inactive|Battle timer is ON: inactive players will automatically lose when time's up. (requested by NathanaelW19)\n|c|\u2606NathanaelW19|Glhf\n|c|\u2606magicalarcher57|Glhf\n|inactive|NathanaelW19 has 60 seconds left.\n|\n|t:|1775901558\n|teamsize|p1|4\n|teamsize|p2|4\n|start\n|switch|p1a: Farigiraf|Farigiraf, L50, M, shiny|100/100\n|switch|p1b: Kangaskhan|Kangaskhan, L50, F, shiny|100/100\n|switch|p2a: Sneasler|Sneasler, L50, M|100/100\n|switch|p2b: Hydreigon|Hydreigon, L50, M|100/100\n|turn|1\n|j| FBIsurveillanceman\n|inactive|magicalarcher57 has 30 seconds left.\n|inactive|NathanaelW19 has 30 seconds left.\n|l|\u2606NathanaelW19\n|inactive|NathanaelW19 disconnected and has a minute to reconnect!\n|player|p2|\n|inactive|NathanaelW19 has 20 seconds left.\n|inactive|NathanaelW19 has 15 seconds left.\n|inactive|NathanaelW19 has 10 seconds left.\n|inactive|NathanaelW19 has 5 seconds left.\n|-message|NathanaelW19 lost due to inactivity.\n|\n|win|magicalarcher57\n||magicalarcher57 is ready for game 2.\n|l|\u2606magicalarcher57\n|player|p1|\n|inactive|NathanaelW19 has 25 seconds to reconnect!\n|j|\u2606NathanaelW19\n|player|p2|NathanaelW19|dragontamer|\n||NathanaelW19 is ready for game 2.\n|uhtml|next|Next: <a href=\"/battle-gen9championsvgc2026regma-2580472230\"><strong>Game 2 of 3</strong></a>\n|l| FBIsurveillanceman\n",
  "uploadtime": 1775901872,
  "views": 13,
  "formatid": "gen9championsvgc2026regma",
  "rating": null,
  "private": 0,
  "password": null
}