{
  "id": "gen9championsvgc2026regma-2582767852",
  "format": "[Gen 9 Champions] VGC 2026 Reg M-A",
  "players": [
    "awammy",
    "The_AG_Is_Real"
  ],
  "log": "|j|\u2606awammy\n|j|\u2606The_AG_Is_Real\n|t:|1776112714\n|gametype|doubles\n|player|p1|awammy|colress|\n|player|p2|The_AG_Is_Real|rika|\n|gen|9\n|tier|[Gen 9 Champions] VGC 2026 Reg M-A\n|rule|Species Clause: Limit one of each Pok\u00e9mon\n|rule|Item Clause: Limit 1 of each item\n|clearpoke\n|poke|p1|Incineroar, L50, F|\n|poke|p1|Sinistcha, L50|\n|poke|p1|Basculegion, L50, M|\n|poke|p1|Floette-Eternal, L50, F|\n|poke|p1|Kingambit, L50, F|\n|poke|p1|Sneasler, L50, F|\n|poke|p2|Conkeldurr, L50, M|\n|poke|p2|Scovillain, L50, F|\n|poke|p2|Farigiraf, L50, M|\n|poke|p2|Camerupt, L50, M|\n|poke|p2|Maushold, L50|\n|teampreview|4\n|inactive|Battle timer is ON: inactive players will automatically lose when time's up. (requested by The_AG_Is_Real)\n|\n|t:|1776112735\n|teamsize|p1|4\n|teamsize|p2|4\n|start\n|switch|p1a: Kingambit|Kingambit, L50, F|100/100\n|switch|p1b: Sneasler|Sneasler, L50, F|100/100\n|switch|p2a: Conkeldurr|Conkeldurr, L50, M|100/100\n|switch|p2b: Scovillain|Scovillain, L50, F|100/100\n|turn|1\n|\n|t:|1776112752\n|detailschange|p2b: Scovillain|Scovillain-Mega, L50, F\n|-mega|p2b: Scovillain|Scovillain|Scovillainite\n|move|p1b: Sneasler|Protect|p1b: Sneasler\n|-singleturn|p1b: Sneasler|Protect\n|move|p1a: Kingambit|Protect|p1a: Kingambit\n|-singleturn|p1a: Kingambit|Protect\n|move|p2b: Scovillain|Overheat|p1a: Kingambit\n|-activate|p1a: Kingambit|move: Protect\n|move|p2a: Conkeldurr|Earthquake|p1a: Kingambit|[spread] p2b\n|-activate|p1a: Kingambit|move: Protect\n|-activate|p1b: Sneasler|move: Protect\n|-damage|p2b: Scovillain|63/100\n|-status|p2a: Conkeldurr|brn|[from] ability: Spicy Spray|[of] p2b: Scovillain\n|\n|-damage|p2a: Conkeldurr|94/100 brn|[from] brn\n|upkeep\n|turn|2\n|-message|The_AG_Is_Real forfeited.\n|\n|win|awammy\n",
  "uploadtime": 1776112773,
  "views": 12,
  "formatid": "gen9championsvgc2026regma",
  "rating": null,
  "private": 0,
  "password": null
}