{
  "id": "gen9championsvgc2026regma-2587830180",
  "format": "[Gen 9 Champions] VGC 2026 Reg M-A",
  "players": [
    "LeoZodiac9",
    "red4766"
  ],
  "log": "|j|\u2606LeoZodiac9\n|j|\u2606red4766\n|t:|1776568370\n|gametype|doubles\n|player|p1|LeoZodiac9|102|1094\n|player|p2|red4766|265|1150\n|gen|9\n|tier|[Gen 9 Champions] VGC 2026 Reg M-A\n|rated|\n|rule|Species Clause: Limit one of each Pok\u00e9mon\n|rule|Item Clause: Limit 1 of each item\n|clearpoke\n|poke|p1|Emboar, L50, F|\n|poke|p1|Aerodactyl, L50, M|\n|poke|p1|Feraligatr, L50, F|\n|poke|p1|Sableye, L50, M|\n|poke|p1|Ninetales-Alola, L50, F|\n|poke|p1|Sinistcha-Masterpiece, L50|\n|poke|p2|Charizard, L50, M, shiny|\n|poke|p2|Aerodactyl, L50, M|\n|poke|p2|Kingambit, L50, F, shiny|\n|poke|p2|Dragonite, L50, M, shiny|\n|poke|p2|Typhlosion-Hisui, L50, F|\n|poke|p2|Sneasler, L50, F|\n|teampreview|4\n|\n|t:|1776568390\n|teamsize|p1|4\n|teamsize|p2|4\n|start\n|switch|p1a: Aerodactyl|Aerodactyl, L50, M|100/100\n|switch|p1b: Feraligatr|Feraligatr, L50, F|100/100\n|switch|p2a: Aerodactyl|Aerodactyl, L50, M|100/100\n|switch|p2b: Sneasler|Sneasler, L50, F|100/100\n|-ability|p2a: Aerodactyl|Unnerve\n|-ability|p1a: Aerodactyl|Unnerve\n|turn|1\n|\n|t:|1776568414\n|detailschange|p1b: Feraligatr|Feraligatr-Mega, L50, F\n|-mega|p1b: Feraligatr|Feraligatr|Feraligite\n|move|p1a: Aerodactyl|Protect|p1a: Aerodactyl\n|-singleturn|p1a: Aerodactyl|Protect\n|move|p2b: Sneasler|Fake Out|p1a: Aerodactyl\n|-activate|p1a: Aerodactyl|move: Protect\n|move|p2a: Aerodactyl|Tailwind|p2a: Aerodactyl\n|-sidestart|p2: red4766|move: Tailwind\n|move|p1b: Feraligatr|Facade|p2b: Sneasler\n|-damage|p2b: Sneasler|0 fnt\n|faint|p2b: Sneasler\n|\n|upkeep\n|\n|t:|1776568426\n|switch|p2b: Charizard|Charizard, L50, M, shiny|100/100\n|turn|2\n|\n|t:|1776568444\n|detailschange|p2b: Charizard|Charizard-Mega-Y, L50, M, shiny\n|-mega|p2b: Charizard|Charizard|Charizardite Y\n|-weather|SunnyDay|[from] ability: Drought|[of] p2b: Charizard\n|move|p2a: Aerodactyl|Rock Slide|p1a: Aerodactyl|[spread] p1a,p1b\n|-supereffective|p1a: Aerodactyl|1\n|-damage|p1a: Aerodactyl|27/100\n|-damage|p1b: Feraligatr|78/100\n|move|p2b: Charizard|Heat Wave|p1b: Feraligatr|[spread] p1a,p1b\n|-resisted|p1a: Aerodactyl|1\n|-resisted|p1b: Feraligatr|2\n|-damage|p1a: Aerodactyl|0 fnt\n|-damage|p1b: Feraligatr|59/100\n|faint|p1a: Aerodactyl\n|cant|p1b: Feraligatr|flinch\n|\n|-weather|SunnyDay|[upkeep]\n|upkeep\n|\n|t:|1776568454\n|switch|p1a: Sinistcha|Sinistcha-Masterpiece, L50|100/100\n|-heal|p1b: Feraligatr|83/100|[from] ability: Hospitality|[of] p1a: Sinistcha\n|turn|3\n|\n|t:|1776568464\n|move|p1a: Sinistcha|Protect|p1a: Sinistcha\n|-singleturn|p1a: Sinistcha|Protect\n|move|p2a: Aerodactyl|Rock Slide|p1b: Feraligatr|[spread] p1b\n|-activate|p1a: Sinistcha|move: Protect\n|-damage|p1b: Feraligatr|59/100\n|move|p2b: Charizard|Solar Beam||[still]\n|-prepare|p2b: Charizard|Solar Beam\n|-anim|p2b: Charizard|Solar Beam|p1b: Feraligatr\n|-damage|p1b: Feraligatr|0 fnt\n|faint|p1b: Feraligatr\n|\n|-weather|SunnyDay|[upkeep]\n|upkeep\n|\n|t:|1776568487\n|switch|p1b: Sableye|Sableye, L50, M|100/100\n|turn|4\n|-message|LeoZodiac9 forfeited.\n|\n|win|red4766\n|raw|LeoZodiac9's rating: 1094 &rarr; <strong>1074</strong><br />(-20 for losing)\n|raw|red4766's rating: 1150 &rarr; <strong>1171</strong><br />(+21 for winning)\n|l|\u2606LeoZodiac9\n|player|p1|\n",
  "uploadtime": 1776568497,
  "views": 22,
  "formatid": "gen9championsvgc2026regma",
  "rating": 1074,
  "private": 0,
  "password": null
}