{
  "id": "gen9championsvgc2026regma-2583368520",
  "format": "[Gen 9 Champions] VGC 2026 Reg M-A",
  "players": [
    "ExynosOS",
    "3rikhndrxxx"
  ],
  "log": "|j|\u2606ExynosOS\n|j|\u26063rikhndrxxx\n|t:|1776170697\n|gametype|doubles\n|player|p1|ExynosOS|volkner|1046\n|player|p2|3rikhndrxxx|169|1107\n|gen|9\n|tier|[Gen 9 Champions] VGC 2026 Reg M-A\n|rated|\n|rule|Species Clause: Limit one of each Pok\u00e9mon\n|rule|Item Clause: Limit 1 of each item\n|clearpoke\n|poke|p1|Tyranitar, L50, M|\n|poke|p1|Garchomp, L50, F|\n|poke|p1|Talonflame, L50, M|\n|poke|p1|Corviknight, L50, M|\n|poke|p1|Aegislash, L50, F|\n|poke|p1|Excadrill, L50, F|\n|poke|p2|Gengar, L50, M|\n|poke|p2|Typhlosion-Hisui, L50, M|\n|poke|p2|Serperior, L50, F|\n|poke|p2|Umbreon, L50, M|\n|poke|p2|Greninja-*, L50, M|\n|poke|p2|Weavile, L50, M|\n|teampreview|4\n3rikhndrxxx rejected open team sheets.\n|inactive|Battle timer is ON: inactive players will automatically lose when time's up. (requested by 3rikhndrxxx)\n|\n|t:|1776170722\n|teamsize|p1|4\n|teamsize|p2|4\n|start\n|switch|p1a: Tyranitar|Tyranitar, L50, M, shiny|100/100\n|switch|p1b: Corviknight|Corviknight, L50, M|100/100\n|switch|p2a: Weavile|Weavile, L50, M|100/100\n|switch|p2b: Gengar|Gengar, L50, M, shiny|100/100\n|-ability|p2a: Weavile|Pressure\n|-weather|Sandstorm|[from] ability: Sand Stream|[of] p1a: Tyranitar\n|turn|1\n|inactive|ExynosOS has 30 seconds left.\n|\n|t:|1776170748\n|detailschange|p2b: Gengar|Gengar-Mega, L50, M, shiny\n|-mega|p2b: Gengar|Gengar|Gengarite\n|detailschange|p1a: Tyranitar|Tyranitar-Mega, L50, M, shiny\n|-mega|p1a: Tyranitar|Tyranitar|Tyranitarite\n|move|p2a: Weavile|Fake Out|p1b: Corviknight\n|-resisted|p1b: Corviknight|1\n|-damage|p1b: Corviknight|96/100\n|move|p2b: Gengar|Will-O-Wisp|p1a: Tyranitar|[miss]\n|-miss|p2b: Gengar|p1a: Tyranitar\n|move|p1a: Tyranitar|Stomping Tantrum|p2b: Gengar\n|-supereffective|p2b: Gengar|1\n|-damage|p2b: Gengar|0 fnt\n|faint|p2b: Gengar\n|cant|p1b: Corviknight|flinch\n|\n|-weather|Sandstorm|[upkeep]\n|-damage|p2a: Weavile|94/100|[from] Sandstorm\n|upkeep\n|\n|t:|1776170751\n|switch|p2b: Serperior|Serperior, L50, F, shiny|100/100\n|turn|2\n|inactive|ExynosOS has 30 seconds left.\n|inactive|ExynosOS has 20 seconds left.\n|\n|t:|1776170786\n|move|p2a: Weavile|Knock Off|p1b: Corviknight\n|-damage|p1b: Corviknight|65/100\n|-enditem|p1b: Corviknight|Sitrus Berry|[from] move: Knock Off|[of] p2a: Weavile\n|move|p2b: Serperior|Leaf Storm|p1a: Tyranitar\n|-supereffective|p1a: Tyranitar|1\n|-damage|p1a: Tyranitar|60/100\n|-boost|p2b: Serperior|spa|2\n|move|p1a: Tyranitar|Rock Slide|p2a: Weavile|[spread] p2a,p2b\n|-supereffective|p2a: Weavile|1\n|-damage|p2a: Weavile|0 fnt\n|-damage|p2b: Serperior|57/100\n|faint|p2a: Weavile\n|move|p1b: Corviknight|Brave Bird|p2b: Serperior\n|-supereffective|p2b: Serperior|1\n|-crit|p2b: Serperior\n|-damage|p2b: Serperior|0 fnt\n|faint|p2b: Serperior\n|-damage|p1b: Corviknight|49/100|[from] Recoil\n|\n|-weather|Sandstorm|[upkeep]\n|upkeep\n|\n|t:|1776170790\n|switch|p2a: Typhlosion|Typhlosion-Hisui, L50, M, shiny|100/100\n|turn|3\n|inactive|ExynosOS has 30 seconds left.\n|inactive|ExynosOS has 20 seconds left.\n|\n|t:|1776170828\n|switch|p1b: Talonflame|Talonflame, L50, M, shiny|100/100\n|move|p2a: Typhlosion|Eruption|p1a: Tyranitar|[spread] p1a,p1b\n|-resisted|p1a: Tyranitar|1\n|-resisted|p1b: Talonflame|1\n|-damage|p1a: Tyranitar|46/100\n|-damage|p1b: Talonflame|56/100\n|move|p1a: Tyranitar|Stomping Tantrum|p2a: Typhlosion\n|-supereffective|p2a: Typhlosion|1\n|-damage|p2a: Typhlosion|3/100\n|\n|-weather|Sandstorm|[upkeep]\n|-damage|p2a: Typhlosion|0 fnt|[from] Sandstorm\n|-damage|p1b: Talonflame|50/100|[from] Sandstorm\n|faint|p2a: Typhlosion\n|\n|win|ExynosOS\n|raw|ExynosOS's rating: 1046 &rarr; <strong>1085</strong><br />(+39 for winning)\n|raw|3rikhndrxxx's rating: 1107 &rarr; <strong>1078</strong><br />(-29 for losing)\n|l|\u26063rikhndrxxx\n|player|p2|\n",
  "uploadtime": 1776170842,
  "views": 15,
  "formatid": "gen9championsvgc2026regma",
  "rating": 1078,
  "private": 0,
  "password": null
}