{
  "id": "gen9championsvgc2026regma-2580573597",
  "format": "[Gen 9 Champions] VGC 2026 Reg M-A",
  "players": [
    "somecubert",
    "yuriimon"
  ],
  "log": "|j|\u2606somecubert\n|j|\u2606yuriimon\n|t:|1775914306\n|gametype|doubles\n|player|p1|somecubert|gentleman-gen4|1040\n|player|p2|yuriimon|waitress-gen4|1025\n|gen|9\n|tier|[Gen 9 Champions] VGC 2026 Reg M-A\n|rated|\n|rule|Species Clause: Limit one of each Pok\u00e9mon\n|rule|Item Clause: Limit 1 of each item\n|clearpoke\n|poke|p1|Sableye, L50, M|\n|poke|p1|Slowking-Galar, L50, M|\n|poke|p1|Sylveon, L50, F|\n|poke|p1|Sinistcha-Masterpiece, L50|\n|poke|p1|Rotom-Heat, L50|\n|poke|p2|Feraligatr, L50, M|\n|poke|p2|Gallade, L50, M|\n|poke|p2|Politoed, L50, M|\n|poke|p2|Raichu, L50, F|\n|poke|p2|Arcanine-Hisui, L50, F|\n|poke|p2|Clefable, L50, F|\n|teampreview|4\n|inactive|Battle timer is ON: inactive players will automatically lose when time's up. (requested by yuriimon)\n|inactive|yuriimon has 60 seconds left.\n|\n|t:|1775914341\n|teamsize|p1|4\n|teamsize|p2|4\n|start\n|switch|p1a: Sinistcha|Sinistcha-Masterpiece, L50|100/100\n|switch|p1b: Rotom|Rotom-Heat, L50|100/100\n|switch|p2a: Arcanine|Arcanine-Hisui, L50, F|100/100\n|switch|p2b: Gallade|Gallade, L50, M|100/100\n|turn|1\n|inactive|somecubert has 30 seconds left.\n|\n|t:|1775914368\n|move|p2a: Arcanine|Head Smash|p1b: Rotom\n|-supereffective|p1b: Rotom|1\n|-damage|p1b: Rotom|0 fnt\n|faint|p1b: Rotom\n|move|p2b: Gallade|Trick Room|p2b: Gallade\n|-fieldstart|move: Trick Room|[of] p2b: Gallade\n|move|p1a: Sinistcha|Trick Room|p1a: Sinistcha\n|-fieldend|move: Trick Room\n|\n|upkeep\n|\n|t:|1775914378\n|switch|p1b: Sableye|Sableye, L50, M|100/100\n|turn|2\n|\n|t:|1775914402\n|switch|p2b: Clefable|Clefable, L50, F|100/100\n|move|p1a: Sinistcha|Protect|p1a: Sinistcha\n|-singleturn|p1a: Sinistcha|Protect\n|move|p1b: Sableye|Will-O-Wisp|p2b: Clefable|[miss]\n|-miss|p1b: Sableye|p2b: Clefable\n|move|p2a: Arcanine|Head Smash|p1b: Sableye|[miss]\n|-miss|p2a: Arcanine|p1b: Sableye\n|\n|upkeep\n|turn|3\n|inactive|somecubert has 30 seconds left.\n|inactive|yuriimon has 30 seconds left.\n|\n|t:|1775914434\n|detailschange|p1b: Sableye|Sableye-Mega, L50, M\n|-mega|p1b: Sableye|Sableye|Sablenite\n|move|p2b: Clefable|Follow Me|p2b: Clefable\n|-singleturn|p2b: Clefable|move: Follow Me\n|move|p2a: Arcanine|Flare Blitz|p1a: Sinistcha\n|-supereffective|p1a: Sinistcha|1\n|-damage|p1a: Sinistcha|0 fnt\n|faint|p1a: Sinistcha\n|move|p1b: Sableye|Encore|p2b: Clefable\n|-start|p2b: Clefable|Encore\n|\n|upkeep\n|-message|somecubert forfeited.\n|\n|win|yuriimon\n|raw|somecubert's rating: 1040 &rarr; <strong>1023</strong><br />(-17 for losing)\n|raw|yuriimon's rating: 1025 &rarr; <strong>1063</strong><br />(+38 for winning)\n|l|\u2606somecubert\n|player|p1|\n",
  "uploadtime": 1775914450,
  "views": 11,
  "formatid": "gen9championsvgc2026regma",
  "rating": 1023,
  "private": 0,
  "password": null
}