{
  "id": "gen9championsvgc2026regma-2584124909",
  "format": "[Gen 9 Champions] VGC 2026 Reg M-A",
  "players": [
    "totolaw",
    "f1ish"
  ],
  "log": "|badge|p2|bronze|gen9randombattle|100-9\n|uhtml|medal-msg|<div class=\"broadcast-blue\">Curious what those medals under the avatar are? PS now has Ladder Seasons! For more information, check out the <a href=\"https://www.smogon.com/forums/threads/3740067/\">thread on Smogon.</a></div>\n|j|\u2606totolaw\n|j|\u203df1ish\n|t:|1776227888\n|gametype|doubles\n|player|p1|totolaw|170|1370\n|player|p2|f1ish|1|1341\n|gen|9\n|tier|[Gen 9 Champions] VGC 2026 Reg M-A\n|rated|\n|rule|Species Clause: Limit one of each Pok\u00e9mon\n|rule|Item Clause: Limit 1 of each item\n|clearpoke\n|poke|p1|Floette-Eternal, L50, F|\n|poke|p1|Garchomp, L50, M|\n|poke|p1|Kingambit, L50, M|\n|poke|p1|Sneasler, L50, M|\n|poke|p1|Aerodactyl, L50, M|\n|poke|p1|Delphox, L50, F|\n|poke|p2|Politoed, L50, F|\n|poke|p2|Primarina, L50, F|\n|poke|p2|Sableye, L50, M|\n|poke|p2|Incineroar, L50, F|\n|poke|p2|Sinistcha, L50|\n|poke|p2|Gengar, L50, M|\n|teampreview|4\n|inactive|Battle timer is ON: inactive players will automatically lose when time's up. (requested by f1ish)\n|inactive|totolaw has 60 seconds left.\n|inactive|f1ish has 60 seconds left.\n|\n|t:|1776227946\n|teamsize|p1|4\n|teamsize|p2|4\n|start\n|switch|p1a: Sneasler|Sneasler, L50, M|100/100\n|switch|p1b: Kingambit|Kingambit, L50, M|100/100\n|switch|p2a: Incineroar|Incineroar, L50, F|100/100\n|switch|p2b: Gengar|Gengar, L50, M|100/100\n|-ability|p2a: Incineroar|Intimidate|boost\n|-unboost|p1a: Sneasler|atk|1\n|-unboost|p1b: Kingambit|atk|1\n|-ability|p1b: Kingambit|Defiant|boost\n|-boost|p1b: Kingambit|atk|2\n|-enditem|p1a: Sneasler|White Herb\n|-clearnegativeboost|p1a: Sneasler|[silent]\n|turn|1\n|inactive|totolaw has 30 seconds left.\n|inactive|f1ish has 30 seconds left.\n|inactive|f1ish has 20 seconds left.\n|inactive|f1ish has 15 seconds left.\n|inactive|f1ish has 10 seconds left.\n|\n|t:|1776227999\n|detailschange|p2b: Gengar|Gengar-Mega, L50, M\n|-mega|p2b: Gengar|Gengar|Gengarite\n|move|p2b: Gengar|Protect|p2b: Gengar\n|-singleturn|p2b: Gengar|Protect\n|move|p2a: Incineroar|Protect|p2a: Incineroar\n|-singleturn|p2a: Incineroar|Protect\n|move|p1a: Sneasler|Close Combat|p2a: Incineroar\n|-activate|p2a: Incineroar|move: Protect\n|move|p1b: Kingambit|Kowtow Cleave|p2b: Gengar\n|-activate|p2b: Gengar|move: Protect\n|\n|upkeep\n|turn|2\n|\n|t:|1776228016\n|switch|p2a: Sinistcha|Sinistcha, L50|100/100\n|move|p1a: Sneasler|Coaching|p1b: Kingambit\n|-boost|p1b: Kingambit|atk|1\n|-boost|p1b: Kingambit|def|1\n|move|p2b: Gengar|Disable|p1b: Kingambit\n|-start|p1b: Kingambit|Disable|Kowtow Cleave\n|cant|p1b: Kingambit|Disable|Kowtow Cleave\n|\n|upkeep\n|turn|3\n|inactive|f1ish has 30 seconds left.\n|inactive|f1ish has 20 seconds left.\n|inactive|f1ish has 15 seconds left.\n|inactive|f1ish has 10 seconds left.\n|inactive|f1ish has 5 seconds left.\n|\n|t:|1776228069\n|switch|p2b: Incineroar|Incineroar, L50, F|100/100\n|-ability|p2b: Incineroar|Intimidate|boost\n|-unboost|p1a: Sneasler|atk|1\n|-unboost|p1b: Kingambit|atk|1\n|-ability|p1b: Kingambit|Defiant|boost\n|-boost|p1b: Kingambit|atk|2\n|move|p1a: Sneasler|Dire Claw|p2a: Sinistcha\n|-damage|p2a: Sinistcha|76/100\n|move|p2a: Sinistcha|Strength Sap|p1a: Sneasler\n|-unboost|p1a: Sneasler|atk|1\n|-heal|p2a: Sinistcha|100/100\n|move|p1b: Kingambit|Iron Head|p2a: Sinistcha\n|-damage|p2a: Sinistcha|6/100\n|\n|upkeep\n|turn|4\n|-message|f1ish forfeited.\n|\n|win|totolaw\n|raw|totolaw's rating: 1370 &rarr; <strong>1388</strong><br />(+18 for winning)\n|raw|f1ish's rating: 1341 &rarr; <strong>1323</strong><br />(-18 for losing)\n|l|\u203df1ish\n|player|p2|\n|l|\u2606totolaw\n|player|p1|\n|j| Crvstal_K!tty\n|l| Crvstal_K!tty\n",
  "uploadtime": 1776229144,
  "views": 42,
  "formatid": "gen9championsvgc2026regma",
  "rating": 1323,
  "private": 0,
  "password": null
}