{
  "id": "gen9championsvgc2026regma-2583640579",
  "format": "[Gen 9 Champions] VGC 2026 Reg M-A",
  "players": [
    "jorge109",
    "Mirthinion"
  ],
  "log": "|j|\u2606jorge109\n|j|\u2606Mirthinion\n|t:|1776188189\n|gametype|doubles\n|player|p1|jorge109|170|1126\n|player|p2|Mirthinion|janitor|1204\n|gen|9\n|tier|[Gen 9 Champions] VGC 2026 Reg M-A\n|rated|\n|rule|Species Clause: Limit one of each Pok\u00e9mon\n|rule|Item Clause: Limit 1 of each item\n|clearpoke\n|poke|p1|Dragonite, L50, F|\n|poke|p1|Whimsicott, L50, F|\n|poke|p1|Incineroar, L50, M|\n|poke|p1|Milotic, L50, F|\n|poke|p1|Gengar, L50, M|\n|poke|p1|Kingambit, L50, M|\n|poke|p2|Tyranitar, L50, M|\n|poke|p2|Lycanroc, L50, M|\n|poke|p2|Primarina, L50, F|\n|poke|p2|Corviknight, L50, M|\n|poke|p2|Kommo-o, L50, M|\n|poke|p2|Incineroar, L50, M|\n|teampreview|4\n|inactive|Battle timer is ON: inactive players will automatically lose when time's up. (requested by Mirthinion)\n|inactive|Mirthinion has 60 seconds left.\n|\n|t:|1776188224\n|teamsize|p1|4\n|teamsize|p2|4\n|start\n|switch|p1a: Whimsicott|Whimsicott, L50, F, shiny|100/100\n|switch|p1b: Dragonite|Dragonite, L50, F, shiny|100/100\n|switch|p2a: Corviknight|Corviknight, L50, M|100/100\n|switch|p2b: Lycanroc|Lycanroc, L50, M|100/100\n|turn|1\n|\n|t:|1776188246\n|detailschange|p1b: Dragonite|Dragonite-Mega, L50, F, shiny\n|-mega|p1b: Dragonite|Dragonite|Dragoninite\n|move|p1b: Dragonite|Dragon Pulse|p2b: Lycanroc\n|-damage|p2b: Lycanroc|23/100\n|move|p2b: Lycanroc|Rock Slide|p1b: Dragonite|[spread] p1a,p1b\n|-supereffective|p1b: Dragonite|1\n|-damage|p1a: Whimsicott|63/100\n|-damage|p1b: Dragonite|73/100\n|move|p1a: Whimsicott|Giga Drain|p2b: Lycanroc\n|-supereffective|p2b: Lycanroc|1\n|-damage|p2b: Lycanroc|0 fnt\n|-heal|p1a: Whimsicott|76/100|[from] drain|[of] p2b: Lycanroc\n|faint|p2b: Lycanroc\n|move|p2a: Corviknight|Brave Bird|p1a: Whimsicott\n|-supereffective|p1a: Whimsicott|1\n|-damage|p1a: Whimsicott|0 fnt\n|faint|p1a: Whimsicott\n|-damage|p2a: Corviknight|84/100|[from] Recoil\n|\n|upkeep\n|\n|t:|1776188265\n|switch|p2b: Tyranitar|Tyranitar, L50, M|100/100\n|switch|p1a: Milotic|Milotic, L50, F, shiny|100/100\n|-weather|Sandstorm|[from] ability: Sand Stream|[of] p2b: Tyranitar\n|turn|2\n|inactive|Mirthinion has 30 seconds left.\n|\n|t:|1776188295\n|detailschange|p2b: Tyranitar|Tyranitar-Mega, L50, M\n|-mega|p2b: Tyranitar|Tyranitar|Tyranitarite\n|move|p1b: Dragonite|Dragon Pulse|p2b: Tyranitar\n|-damage|p2b: Tyranitar|71/100\n|move|p2b: Tyranitar|Knock Off|p1a: Milotic\n|-crit|p1a: Milotic\n|-damage|p1a: Milotic|0 fnt\n|-enditem|p1a: Milotic|Leftovers|[from] move: Knock Off|[of] p2b: Tyranitar\n|faint|p1a: Milotic\n|move|p2a: Corviknight|Tailwind|p2a: Corviknight\n|-sidestart|p2: Mirthinion|move: Tailwind\n|\n|-weather|Sandstorm|[upkeep]\n|-damage|p1b: Dragonite|67/100|[from] Sandstorm\n|upkeep\n|\n|t:|1776188309\n|switch|p1a: Kingambit|Kingambit, L50, M, shiny|100/100\n|turn|3\n|\n|t:|1776188320\n|move|p2b: Tyranitar|Low Kick|p1a: Kingambit\n|-supereffective|p1a: Kingambit|2\n|-damage|p1a: Kingambit|0 fnt\n|faint|p1a: Kingambit\n|move|p2a: Corviknight|Iron Head|p1b: Dragonite\n|-damage|p1b: Dragonite|44/100\n|cant|p1b: Dragonite|flinch\n|\n|-weather|Sandstorm|[upkeep]\n|-damage|p1b: Dragonite|38/100|[from] Sandstorm\n|upkeep\n|turn|4\n|-message|jorge109 forfeited.\n|\n|win|Mirthinion\n|raw|jorge109's rating: 1126 &rarr; <strong>1107</strong><br />(-19 for losing)\n|raw|Mirthinion's rating: 1204 &rarr; <strong>1223</strong><br />(+19 for winning)\n|l|\u2606jorge109\n|player|p1|\n",
  "uploadtime": 1776188331,
  "views": 50,
  "formatid": "gen9championsvgc2026regma",
  "rating": 1107,
  "private": 0,
  "password": null
}