{
  "id": "gen9championsvgc2026regma-2587904019",
  "format": "[Gen 9 Champions] VGC 2026 Reg M-A",
  "players": [
    "NerdyYeti4758",
    "TheGamingMammoth"
  ],
  "log": "|j|\u2606NerdyYeti4758\n|j|\u2606TheGamingMammoth\n|t:|1776576960\n|gametype|doubles\n|player|p1|NerdyYeti4758|266|1110\n|player|p2|TheGamingMammoth|1|1195\n|gen|9\n|tier|[Gen 9 Champions] VGC 2026 Reg M-A\n|rated|\n|rule|Species Clause: Limit one of each Pok\u00e9mon\n|rule|Item Clause: Limit 1 of each item\n|clearpoke\n|poke|p1|Primarina, L50, F|\n|poke|p1|Incineroar, L50, F, shiny|\n|poke|p1|Decidueye-Hisui, L50, F|\n|poke|p1|Ninetales-Alola, L50, F|\n|poke|p1|Chimecho, L50, M|\n|poke|p1|Bellibolt, L50, F|\n|poke|p2|Politoed, L50, M|\n|poke|p2|Venusaur, L50, F|\n|poke|p2|Charizard, L50, F, shiny|\n|poke|p2|Clefable, L50, M|\n|poke|p2|Scizor, L50, M|\n|poke|p2|Sableye, L50, M|\n|teampreview|4\n|\n|t:|1776577010\n|teamsize|p1|4\n|teamsize|p2|4\n|start\n|switch|p1a: Chimecho|Chimecho, L50, M|100/100\n|switch|p1b: Decidueye|Decidueye-Hisui, L50, F|100/100\n|switch|p2a: Venusaur|Venusaur, L50, F|100/100\n|switch|p2b: Scizor|Scizor, L50, M|100/100\n|turn|1\n|\n|t:|1776577030\n|detailschange|p1a: Chimecho|Chimecho-Mega, L50, M\n|-mega|p1a: Chimecho|Chimecho|Chimechite\n|move|p1a: Chimecho|Protect|p1a: Chimecho\n|-singleturn|p1a: Chimecho|Protect\n|move|p1b: Decidueye|Tailwind|p1b: Decidueye\n|-sidestart|p1: NerdyYeti4758|move: Tailwind\n|move|p2a: Venusaur|Sleep Powder|p1a: Chimecho\n|-activate|p1a: Chimecho|move: Protect\n|move|p2b: Scizor|Swords Dance|p2b: Scizor\n|-boost|p2b: Scizor|atk|2\n|\n|upkeep\n|turn|2\n|\n|t:|1776577077\n|switch|p2a: Clefable|Clefable, L50, M|100/100\n|move|p2b: Scizor|Protect|p2b: Scizor\n|-singleturn|p2b: Scizor|Protect\n|move|p1b: Decidueye|Close Combat|p2b: Scizor\n|-activate|p2b: Scizor|move: Protect\n|move|p1a: Chimecho|Psychic|p2b: Scizor\n|-activate|p2b: Scizor|move: Protect\n|\n|upkeep\n|turn|3\n|\n|t:|1776577124\n|move|p2a: Clefable|Helping Hand|p2b: Scizor\n|-singleturn|p2b: Scizor|Helping Hand|[of] p2a: Clefable\n|move|p2b: Scizor|Bullet Punch|p1b: Decidueye\n|-damage|p1b: Decidueye|0 fnt\n|faint|p1b: Decidueye\n|move|p1a: Chimecho|Flash Cannon|p2a: Clefable\n|-supereffective|p2a: Clefable|1\n|-damage|p2a: Clefable|19/100\n|-enditem|p2a: Clefable|Sitrus Berry|[eat]\n|-heal|p2a: Clefable|44/100|[from] item: Sitrus Berry\n|\n|upkeep\n|-message|NerdyYeti4758 forfeited.\n|\n|win|TheGamingMammoth\n|raw|NerdyYeti4758's rating: 1110 &rarr; <strong>1091</strong><br />(-19 for losing)\n|raw|TheGamingMammoth's rating: 1195 &rarr; <strong>1214</strong><br />(+19 for winning)\n",
  "uploadtime": 1776577160,
  "views": 8,
  "formatid": "gen9championsvgc2026regma",
  "rating": 1091,
  "private": 0,
  "password": null
}