{
  "id": "gen9championsvgc2026regma-2589382402",
  "format": "[Gen 9 Champions] VGC 2026 Reg M-A",
  "players": [
    "gallade.13",
    "bigearlington"
  ],
  "log": "|j|\u2606gallade.13\n|j|\u2606bigearlington\n|t:|1776718524\n|gametype|doubles\n|player|p1|gallade.13|2|1243\n|player|p2|bigearlington|265|1345\n|gen|9\n|tier|[Gen 9 Champions] VGC 2026 Reg M-A\n|rated|\n|rule|Species Clause: Limit one of each Pok\u00e9mon\n|rule|Item Clause: Limit 1 of each item\n|clearpoke\n|poke|p1|Meganium, L50, F|\n|poke|p1|Aerodactyl, L50, F|\n|poke|p1|Sneasler, L50, M|\n|poke|p1|Aegislash, L50, F, shiny|\n|poke|p1|Rotom-Wash, L50|\n|poke|p1|Incineroar, L50, F|\n|poke|p2|Scizor, L50, F|\n|poke|p2|Sneasler, L50, M|\n|poke|p2|Sinistcha, L50|\n|poke|p2|Tyranitar, L50, M|\n|poke|p2|Milotic, L50, M|\n|poke|p2|Rotom-Wash, L50|\n|teampreview|4\ngallade.13 rejected open team sheets.\n|inactive|Battle timer is ON: inactive players will automatically lose when time's up. (requested by gallade.13)\n|inactive|bigearlington has 60 seconds left.\n|inactive|bigearlington has 30 seconds left.\n|\n|t:|1776718599\n|teamsize|p1|4\n|teamsize|p2|4\n|start\n|switch|p1a: Incineroar|Incineroar, L50, F|100/100\n|switch|p1b: Meganium|Meganium, L50, F|100/100\n|switch|p2a: Scizor|Scizor, L50, F|100/100\n|switch|p2b: Sneasler|Sneasler, L50, M|100/100\n|-ability|p1a: Incineroar|Intimidate|boost\n|-unboost|p2a: Scizor|atk|1\n|-unboost|p2b: Sneasler|atk|1\n|-enditem|p2b: Sneasler|White Herb\n|-clearnegativeboost|p2b: Sneasler|[silent]\n|turn|1\n|inactive|bigearlington has 30 seconds left.\n|inactive|bigearlington has 20 seconds left.\n|\n|t:|1776718638\n|switch|p2a: Milotic|Milotic, L50, M|100/100\n|move|p1b: Meganium|Protect|p1b: Meganium\n|-singleturn|p1b: Meganium|Protect\n|move|p1a: Incineroar|Protect|p1a: Incineroar\n|-singleturn|p1a: Incineroar|Protect\n|move|p2b: Sneasler|Dire Claw|p1b: Meganium\n|-activate|p1b: Meganium|move: Protect\n|\n|upkeep\n|turn|2\n|inactive|bigearlington has 30 seconds left.\n|inactive|bigearlington has 20 seconds left.\n|\n|t:|1776718678\n|switch|p1a: Aerodactyl|Aerodactyl, L50, F|100/100\n|-ability|p1a: Aerodactyl|Unnerve\n|detailschange|p1b: Meganium|Meganium-Mega, L50, F\n|-mega|p1b: Meganium|Meganium|Meganiumite\n|move|p2a: Milotic|Protect|p2a: Milotic\n|-singleturn|p2a: Milotic|Protect\n|move|p2b: Sneasler|Close Combat|p1a: Aerodactyl\n|-enditem|p1a: Aerodactyl|Focus Sash\n|-damage|p1a: Aerodactyl|1/100\n|-unboost|p2b: Sneasler|def|1\n|-unboost|p2b: Sneasler|spd|1\n|move|p1b: Meganium|Solar Beam||[still]\n|-prepare|p1b: Meganium|Solar Beam\n|-activate|p1b: Meganium|ability: Mega Sol\n|-anim|p1b: Meganium|Solar Beam|p2a: Milotic\n|-activate|p2a: Milotic|move: Protect\n|\n|upkeep\n|turn|3\n|inactive|bigearlington has 30 seconds left.\n|inactive|bigearlington has 20 seconds left.\n|inactive|bigearlington has 15 seconds left.\n|inactive|bigearlington has 10 seconds left.\n|\n|t:|1776718727\n|move|p2b: Sneasler|Dire Claw|p1b: Meganium\n|-supereffective|p1b: Meganium|2\n|-damage|p1b: Meganium|0 fnt\n|faint|p1b: Meganium\n|move|p1a: Aerodactyl|Tailwind|p1a: Aerodactyl\n|-sidestart|p1: gallade.13|move: Tailwind\n|move|p2a: Milotic|Icy Wind|p1a: Aerodactyl\n|-supereffective|p1a: Aerodactyl|1\n|-damage|p1a: Aerodactyl|0 fnt\n|faint|p1a: Aerodactyl\n|\n|upkeep\n|-message|gallade.13 forfeited.\n|\n|win|bigearlington\n|raw|gallade.13's rating: 1243 &rarr; <strong>1225</strong><br />(-18 for losing)\n|raw|bigearlington's rating: 1345 &rarr; <strong>1359</strong><br />(+14 for winning)\n",
  "uploadtime": 1776718737,
  "views": 9,
  "formatid": "gen9championsvgc2026regma",
  "rating": 1225,
  "private": 0,
  "password": null
}