{
  "id": "gen9championsvgc2026regma-2583801158",
  "format": "[Gen 9 Champions] VGC 2026 Reg M-A",
  "players": [
    "Disfrazdetigre",
    "H0rnse"
  ],
  "log": "|j|\u2606Disfrazdetigre\n|j|\u2606H0rnse\n|t:|1776198684\n|gametype|doubles\n|player|p1|Disfrazdetigre|170|1135\n|player|p2|H0rnse|brycenman|1096\n|gen|9\n|tier|[Gen 9 Champions] VGC 2026 Reg M-A\n|rated|\n|rule|Species Clause: Limit one of each Pok\u00e9mon\n|rule|Item Clause: Limit 1 of each item\n|clearpoke\n|poke|p1|Sableye, L50, M|\n|poke|p1|Maushold, L50|\n|poke|p1|Medicham, L50, M|\n|poke|p1|Vanilluxe, L50, F|\n|poke|p1|Blastoise, L50, F|\n|poke|p1|Kingambit, L50, M|\n|poke|p2|Froslass, L50, F|\n|poke|p2|Rotom-Frost, L50|\n|poke|p2|Aerodactyl, L50, M|\n|poke|p2|Garchomp, L50, M|\n|poke|p2|Sneasler, L50, M|\n|poke|p2|Empoleon, L50, M|\n|teampreview|4\n|\n|t:|1776198751\n|teamsize|p1|4\n|teamsize|p2|4\n|start\n|switch|p1a: Medicham|Medicham, L50, M|100/100\n|switch|p1b: Kingambit|Kingambit, L50, M|100/100\n|switch|p2a: Froslass|Froslass, L50, F|100/100\n|switch|p2b: Rotom|Rotom-Frost, L50|100/100\n|turn|1\n|\n|t:|1776198779\n|detailschange|p1a: Medicham|Medicham-Mega, L50, M\n|-mega|p1a: Medicham|Medicham|Medichamite\n|move|p2a: Froslass|Protect|p2a: Froslass\n|-singleturn|p2a: Froslass|Protect\n|move|p1a: Medicham|Fake Out|p2b: Rotom\n|-damage|p2b: Rotom|65/100\n|cant|p2b: Rotom|flinch\n|move|p1b: Kingambit|Kowtow Cleave|p2b: Rotom\n|-damage|p2b: Rotom|3/100\n|\n|upkeep\n|turn|2\n|\n|t:|1776198806\n|detailschange|p2a: Froslass|Froslass-Mega, L50, F\n|-mega|p2a: Froslass|Froslass|Froslassite\n|-weather|Snowscape|[from] ability: Snow Warning|[of] p2a: Froslass\n|move|p1b: Kingambit|Sucker Punch|p2b: Rotom\n|-damage|p2b: Rotom|0 fnt\n|faint|p2b: Rotom\n|move|p2a: Froslass|Aurora Veil|p2a: Froslass\n|-sidestart|p2: H0rnse|move: Aurora Veil\n|move|p1a: Medicham|Trick Room|p1a: Medicham\n|-fieldstart|move: Trick Room|[of] p1a: Medicham\n|\n|-weather|Snowscape|[upkeep]\n|upkeep\n|\n|t:|1776198814\n|switch|p2b: Garchomp|Garchomp, L50, M|100/100\n|turn|3\n|\n|t:|1776198827\n|move|p2a: Froslass|Protect|p2a: Froslass\n|-singleturn|p2a: Froslass|Protect\n|move|p1b: Kingambit|Kowtow Cleave|p2b: Garchomp\n|-damage|p2b: Garchomp|64/100\n|-damage|p1b: Kingambit|88/100|[from] ability: Rough Skin|[of] p2b: Garchomp\n|move|p1a: Medicham|Close Combat|p2b: Garchomp\n|-damage|p2b: Garchomp|0 fnt\n|-unboost|p1a: Medicham|def|1\n|-unboost|p1a: Medicham|spd|1\n|-damage|p1a: Medicham|88/100|[from] ability: Rough Skin|[of] p2b: Garchomp\n|faint|p2b: Garchomp\n|\n|-weather|Snowscape|[upkeep]\n|upkeep\n|-message|H0rnse forfeited.\n|\n|win|Disfrazdetigre\n|raw|Disfrazdetigre's rating: 1135 &rarr; <strong>1157</strong><br />(+22 for winning)\n|raw|H0rnse's rating: 1096 &rarr; <strong>1074</strong><br />(-22 for losing)\n|l|\u2606H0rnse\n|player|p2|\n",
  "uploadtime": 1776198846,
  "views": 24,
  "formatid": "gen9championsvgc2026regma",
  "rating": 1074,
  "private": 0,
  "password": null
}