{
  "id": "gen9championsvgc2026regma-2585055797",
  "format": "[Gen 9 Champions] VGC 2026 Reg M-A",
  "players": [
    "LeoOmg",
    "toxicwyvern"
  ],
  "log": "|j|\u2606LeoOmg\n|j|\u2606toxicwyvern\n|t:|1776307301\n|gametype|doubles\n|player|p1|LeoOmg|steven|1151\n|player|p2|toxicwyvern|170|1147\n|gen|9\n|tier|[Gen 9 Champions] VGC 2026 Reg M-A\n|rated|\n|rule|Species Clause: Limit one of each Pok\u00e9mon\n|rule|Item Clause: Limit 1 of each item\n|clearpoke\n|poke|p1|Meganium, L50, F|\n|poke|p1|Archaludon, L50, M|\n|poke|p1|Aerodactyl, L50, F|\n|poke|p1|Typhlosion-Hisui, L50, F|\n|poke|p1|Tauros-Paldea-Aqua, L50, M|\n|poke|p1|Kangaskhan, L50, F|\n|poke|p2|Whimsicott, L50, F|\n|poke|p2|Typhlosion, L50, M|\n|poke|p2|Incineroar, L50, M|\n|poke|p2|Charizard, L50, M|\n|poke|p2|Milotic, L50, F|\n|poke|p2|Sinistcha, L50|\n|teampreview|4\ntoxicwyvern rejected open team sheets.\n|inactive|Battle timer is ON: inactive players will automatically lose when time's up. (requested by LeoOmg)\n|\n|t:|1776307349\n|teamsize|p1|4\n|teamsize|p2|4\n|start\n|switch|p1a: Aerodactyl|Aerodactyl, L50, F|100/100\n|switch|p1b: Kangaskhan|Kangaskhan, L50, F|100/100\n|switch|p2a: Whimsicott|Whimsicott, L50, F|100/100\n|switch|p2b: Incineroar|Incineroar, L50, M|100/100\n|-ability|p1a: Aerodactyl|Unnerve\n|-ability|p2b: Incineroar|Intimidate|boost\n|-unboost|p1a: Aerodactyl|atk|1\n|-fail|p1b: Kangaskhan|unboost|Attack|[from] ability: Inner Focus|[of] p1b: Kangaskhan\n|turn|1\n|inactive|LeoOmg has 30 seconds left.\n|\n|t:|1776307380\n|detailschange|p1b: Kangaskhan|Kangaskhan-Mega, L50, F\n|-mega|p1b: Kangaskhan|Kangaskhan|Kangaskhanite\n|move|p2a: Whimsicott|Taunt|p1a: Aerodactyl\n|-start|p1a: Aerodactyl|move: Taunt\n|cant|p1a: Aerodactyl|move: Taunt|Tailwind\n|move|p1b: Kangaskhan|Double-Edge|p2b: Incineroar\n|-damage|p2b: Incineroar|42/100\n|-crit|p2b: Incineroar\n|-damage|p2b: Incineroar|20/100\n|-hitcount|p2b: Incineroar|2\n|-damage|p1b: Kangaskhan|75/100|[from] Recoil\n|move|p2b: Incineroar|Flare Blitz|p1b: Kangaskhan\n|-damage|p1b: Kangaskhan|32/100\n|-status|p1b: Kangaskhan|brn\n|-damage|p2b: Incineroar|5/100|[from] Recoil\n|\n|-damage|p1b: Kangaskhan|26/100 brn|[from] brn\n|upkeep\n|turn|2\n|inactive|toxicwyvern has 30 seconds left.\n|inactive|LeoOmg has 30 seconds left.\n|\n|t:|1776307410\n|move|p2a: Whimsicott|Tailwind|p2a: Whimsicott\n|-sidestart|p2: toxicwyvern|move: Tailwind\n|move|p1b: Kangaskhan|Sucker Punch|p2b: Incineroar\n|-resisted|p2b: Incineroar|1\n|-damage|p2b: Incineroar|0 fnt\n|faint|p2b: Incineroar\n|-hitcount|p2: Incineroar|1\n|move|p1a: Aerodactyl|Dual Wingbeat|p2a: Whimsicott|[miss]\n|-miss|p1a: Aerodactyl|p2a: Whimsicott\n|\n|-damage|p1b: Kangaskhan|20/100 brn|[from] brn\n|upkeep\n|\n|t:|1776307417\n|switch|p2b: Charizard|Charizard, L50, M|100/100\n|turn|3\n|\n|t:|1776307430\n|switch|p1b: Tauros|Tauros-Paldea-Aqua, L50, M|100/100\n|-ability|p1b: Tauros|Intimidate|boost\n|-unboost|p2a: Whimsicott|atk|1\n|-unboost|p2b: Charizard|atk|1\n|detailschange|p2b: Charizard|Charizard-Mega-Y, L50, M\n|-mega|p2b: Charizard|Charizard|Charizardite Y\n|-weather|SunnyDay|[from] ability: Drought|[of] p2b: Charizard\n|move|p2a: Whimsicott|Moonblast|p1a: Aerodactyl\n|-damage|p1a: Aerodactyl|51/100\n|move|p2b: Charizard|Solar Beam||[still]\n|-prepare|p2b: Charizard|Solar Beam\n|-anim|p2b: Charizard|Solar Beam|p1a: Aerodactyl\n|-damage|p1a: Aerodactyl|0 fnt\n|faint|p1a: Aerodactyl\n|\n|-weather|SunnyDay|[upkeep]\n|upkeep\n|\n|t:|1776307443\n|switch|p1a: Archaludon|Archaludon, L50, M|100/100\n|turn|4\n|\n|t:|1776307453\n|move|p2a: Whimsicott|Moonblast|p1b: Tauros\n|-supereffective|p1b: Tauros|1\n|-damage|p1b: Tauros|0 fnt\n|faint|p1b: Tauros\n|move|p2b: Charizard|Heat Wave|p1a: Archaludon\n|-damage|p1a: Archaludon|0 fnt\n|faint|p1a: Archaludon\n|\n|-weather|SunnyDay|[upkeep]\n|upkeep\n|-message|LeoOmg forfeited.\n|\n|win|toxicwyvern\n|raw|LeoOmg's rating: 1151 &rarr; <strong>1126</strong><br />(-25 for losing)\n|raw|toxicwyvern's rating: 1147 &rarr; <strong>1172</strong><br />(+25 for winning)\n|l|\u2606LeoOmg\n|player|p1|\n",
  "uploadtime": 1776307462,
  "views": 20,
  "formatid": "gen9championsvgc2026regma",
  "rating": 1126,
  "private": 0,
  "password": null
}