{
  "id": "gen9championsvgc2026regma-2586256810",
  "format": "[Gen 9 Champions] VGC 2026 Reg M-A",
  "players": [
    "whistlejacket17",
    "Virone"
  ],
  "log": "|j|\u2606whistlejacket17\n|j|\u2606Virone\n|t:|1776418117\n|gametype|doubles\n|player|p1|whistlejacket17|cyrus|1039\n|player|p2|Virone|veteranf|1097\n|gen|9\n|tier|[Gen 9 Champions] VGC 2026 Reg M-A\n|rated|\n|rule|Species Clause: Limit one of each Pok\u00e9mon\n|rule|Item Clause: Limit 1 of each item\n|clearpoke\n|poke|p1|Feraligatr, L50, F|\n|poke|p1|Incineroar, L50, F|\n|poke|p1|Sinistcha, L50|\n|poke|p1|Kingambit, L50, M|\n|poke|p1|Aerodactyl, L50, F|\n|poke|p1|Sneasler, L50, F|\n|poke|p2|Scovillain, L50, F|\n|poke|p2|Bellibolt, L50, M|\n|poke|p2|Toxapex, L50, M|\n|poke|p2|Farigiraf, L50, M|\n|poke|p2|Garganacl, L50, M|\n|poke|p2|Volcarona, L50, M|\n|teampreview|4\n|inactive|Battle timer is ON: inactive players will automatically lose when time's up. (requested by whistlejacket17)\n|\n|t:|1776418153\n|teamsize|p1|4\n|teamsize|p2|4\n|start\n|switch|p1a: Aerodactyl|Aerodactyl, L50, F|100/100\n|switch|p1b: Feraligatr|Feraligatr, L50, F|100/100\n|switch|p2a: Farigiraf|Farigiraf, L50, M|100/100\n|switch|p2b: Bellibolt|Bellibolt, L50, M|100/100\n|-ability|p1a: Aerodactyl|Unnerve\n|turn|1\n|\n|t:|1776418168\n|switch|p1b: Sinistcha|Sinistcha, L50|100/100\n|move|p1a: Aerodactyl|Taunt|p2a: Farigiraf\n|-start|p2a: Farigiraf|move: Taunt\n|-enditem|p2a: Farigiraf|Mental Herb\n|-end|p2a: Farigiraf|move: Taunt\n|move|p2b: Bellibolt|Parabolic Charge|p1a: Aerodactyl|[spread] p2a,p1a,p1b\n|-supereffective|p1a: Aerodactyl|1\n|-resisted|p1b: Sinistcha|1\n|-damage|p2a: Farigiraf|86/100\n|-damage|p1a: Aerodactyl|43/100\n|-damage|p1b: Sinistcha|89/100\n|move|p2a: Farigiraf|Trick Room|p2a: Farigiraf\n|-fieldstart|move: Trick Room|[of] p2a: Farigiraf\n|\n|-heal|p1b: Sinistcha|95/100|[from] item: Leftovers\n|upkeep\n|turn|2\n|\n|t:|1776418189\n|move|p1a: Aerodactyl|Protect|p1a: Aerodactyl\n|-singleturn|p1a: Aerodactyl|Protect\n|move|p2b: Bellibolt|Soak|p1b: Sinistcha\n|-start|p1b: Sinistcha|typechange|Water\n|move|p2a: Farigiraf|Psychic Noise|p1b: Sinistcha\n|-damage|p1b: Sinistcha|62/100\n|-start|p1b: Sinistcha|move: Heal Block\n|cant|p1b: Sinistcha|move: Heal Block|Matcha Gotcha\n|\n|upkeep\n|turn|3\n|-message|whistlejacket17 forfeited.\n|\n|win|Virone\n|raw|whistlejacket17's rating: 1039 &rarr; <strong>1026</strong><br />(-13 for losing)\n|raw|Virone's rating: 1097 &rarr; <strong>1118</strong><br />(+21 for winning)\n|l|\u2606whistlejacket17\n|player|p1|\n",
  "uploadtime": 1776418216,
  "views": 20,
  "formatid": "gen9championsvgc2026regma",
  "rating": 1026,
  "private": 0,
  "password": null
}