{
  "id": "gen9championsvgc2026regma-2586254554",
  "format": "[Gen 9 Champions] VGC 2026 Reg M-A",
  "players": [
    "JAY1983",
    "12lightningstorm"
  ],
  "log": "|j|\u2606JAY1983\n|j|\u260612lightningstorm\n|t:|1776417854\n|gametype|doubles\n|player|p1|JAY1983|dawn|1064\n|player|p2|12lightningstorm|veteran|1000\n|gen|9\n|tier|[Gen 9 Champions] VGC 2026 Reg M-A\n|rated|\n|rule|Species Clause: Limit one of each Pok\u00e9mon\n|rule|Item Clause: Limit 1 of each item\n|clearpoke\n|poke|p1|Whimsicott, L50, M|\n|poke|p1|Milotic, L50, F|\n|poke|p1|Sneasler, L50, F|\n|poke|p1|Archaludon, L50, F|\n|poke|p1|Kingambit, L50, F|\n|poke|p1|Alakazam, L50, F|\n|poke|p2|Meowstic, L50, M|\n|poke|p2|Basculegion, L50, M|\n|poke|p2|Archaludon, L50, M|\n|poke|p2|Lucario, L50, M|\n|poke|p2|Whimsicott, L50, M|\n|poke|p2|Incineroar, L50, M|\n|teampreview|4\n|inactive|Battle timer is ON: inactive players will automatically lose when time's up. (requested by 12lightningstorm)\n|\n|t:|1776417882\n|teamsize|p1|4\n|teamsize|p2|4\n|start\n|switch|p1a: Archaludon|Archaludon, L50, F|100/100\n|switch|p1b: Whimsicott|Whimsicott, L50, M|100/100\n|switch|p2a: Lucario|Lucario, L50, M, shiny|100/100\n|switch|p2b: Whimsicott|Whimsicott, L50, M, shiny|100/100\n|turn|1\n|\n|t:|1776417902\n|move|p2a: Lucario|Bullet Punch|p1b: Whimsicott\n|-supereffective|p1b: Whimsicott|1\n|-damage|p1b: Whimsicott|44/100\n|move|p1b: Whimsicott|Moonblast|p2b: Whimsicott\n|-damage|p2b: Whimsicott|59/100\n|move|p1a: Archaludon|Steel Beam|p2b: Whimsicott\n|-supereffective|p2b: Whimsicott|1\n|-damage|p2b: Whimsicott|0 fnt\n|-damage|p1a: Archaludon|50/100|[from] steelbeam\n|faint|p2b: Whimsicott\n|\n|upkeep\n|\n|t:|1776417916\n|switch|p2b: Meowstic|Meowstic, L50, M, shiny|100/100\n|turn|2\n|\n|t:|1776417926\n|switch|p1a: Kingambit|Kingambit, L50, F|100/100\n|detailschange|p2a: Lucario|Lucario-Mega, L50, M, shiny\n|-mega|p2a: Lucario|Lucario|Lucarionite\n|move|p2b: Meowstic|Fake Out|p1b: Whimsicott\n|-damage|p1b: Whimsicott|36/100\n|cant|p1b: Whimsicott|flinch\n|move|p2a: Lucario|Close Combat|p1a: Kingambit\n|-supereffective|p1a: Kingambit|2\n|-damage|p1a: Kingambit|0 fnt\n|-unboost|p2a: Lucario|def|1\n|-unboost|p2a: Lucario|spd|1\n|faint|p1a: Kingambit\n|\n|upkeep\n|-message|JAY1983 forfeited.\n|\n|win|12lightningstorm\n|raw|JAY1983's rating: 1064 &rarr; <strong>1041</strong><br />(-23 for losing)\n|raw|12lightningstorm's rating: 1000 &rarr; <strong>1047</strong><br />(+47 for winning)\n|l|\u2606JAY1983\n|player|p1|\n",
  "uploadtime": 1776417944,
  "views": 20,
  "formatid": "gen9championsvgc2026regma",
  "rating": 1041,
  "private": 0,
  "password": null
}