{
  "id": "gen9championsvgc2026regma-2580553078",
  "format": "[Gen 9 Champions] VGC 2026 Reg M-A",
  "players": [
    "pits fiend",
    "elychee267"
  ],
  "log": "|j|\u2606pits fiend\n|j|\u2606elychee267\n|html|<table width=\"100%\"><tr><td align=\"left\">pits fiend</td><td align=\"right\">elychee267</tr><tr><td align=\"left\"><i class=\"fa fa-circle-o\"></i> <i class=\"fa fa-circle-o\"></i> </td><td align=\"right\"><i class=\"fa fa-circle-o\"></i> <i class=\"fa fa-circle-o\"></i> </tr></table>\n|uhtml|bestof|<h2><strong>Game 1</strong> of <a href=\"/game-bestof3-gen9championsvgc2026regma-2580553077\">a best-of-3</a></h2>\n|t:|1775912119\n|gametype|doubles\n|player|p1|pits fiend|gwynn|\n|player|p2|elychee267|nate|\n|gen|9\n|tier|[Gen 9 Champions] VGC 2026 Reg M-A\n|rated|Tournament battle\n|rule|Species Clause: Limit one of each Pok\u00e9mon\n|rule|Item Clause: Limit 1 of each item\n|raw|<div class=\"infobox\"><details class=\"readmore\" open><summary><strong>2 custom rules:</strong></summary> Force Open Team Sheets, Best of = 3</details></div>\n|clearpoke\n|poke|p1|Gardevoir, L50, M|\n|poke|p1|Garchomp, L50, F|\n|poke|p1|Rotom-Wash, L50|\n|poke|p1|Tsareena, L50, F|\n|poke|p1|Incineroar, L50, M|\n|poke|p1|Sneasler, L50, F|\n|poke|p2|Floette-Eternal, L50, F|\n|poke|p2|Garchomp, L50, M|\n|poke|p2|Primarina, L50, F|\n|poke|p2|Sinistcha, L50|\n|poke|p2|Incineroar, L50, F|\n|poke|p2|Orthworm, L50, F|\n|teampreview|4\n|showteam|p1|Gardevoir||Gardevoirite|Trace|HyperVoice,Psyshock,Protect,TrickRoom|||M|||50|]Garchomp||SoftSand|SandVeil|Earthquake,DragonClaw,StompingTantrum,Protect|||F|||50|]Rotom-Wash||ChoiceScarf|Levitate|Electroweb,VoltSwitch,Thunderbolt,HydroPump||||||50|]Tsareena||OccaBerry|QueenlyMajesty|TropKick,TripleAxel,Protect,HelpingHand|||F|||50|]Incineroar||SitrusBerry|Intimidate|FakeOut,ThroatChop,PartingShot,FlareBlitz|||M|||50|]Sneasler||WhiteHerb|Unburden|CloseCombat,DireClaw,FakeOut,Protect|||F|||50|\n|showteam|p2|Floette-Eternal||Floettite|FlowerVeil|CalmMind,Moonblast,DazzlingGleam,Protect|||F|||50|]Garchomp||YacheBerry|RoughSkin|DragonClaw,Earthquake,RockSlide,Protect|||M|||50|]Primarina||MysticWater|LiquidVoice|Protect,HyperVoice,Moonblast,DazzlingGleam|||F|||50|]Sinistcha||SitrusBerry|Hospitality|TrickRoom,RagePowder,MatchaGotcha,LifeDew||||||50|]Incineroar||ShucaBerry|Intimidate|FakeOut,DarkestLariat,PartingShot,FlareBlitz|||F|||50|]Orthworm||Leftovers|EarthEater|ShedTail,IronDefense,BodyPress,Protect|||F|||50|\n|inactive|Battle timer is ON: inactive players will automatically lose when time's up. (requested by elychee267)\nelychee267 has agreed to open team sheets.\npits fiend has agreed to open team sheets.\n|showteam|p1|Gardevoir||Gardevoirite|Trace|HyperVoice,Psyshock,Protect,TrickRoom|||M|||50|]Garchomp||SoftSand|SandVeil|Earthquake,DragonClaw,StompingTantrum,Protect|||F|||50|]Rotom-Wash||ChoiceScarf|Levitate|Electroweb,VoltSwitch,Thunderbolt,HydroPump||||||50|]Tsareena||OccaBerry|QueenlyMajesty|TropKick,TripleAxel,Protect,HelpingHand|||F|||50|]Incineroar||SitrusBerry|Intimidate|FakeOut,ThroatChop,PartingShot,FlareBlitz|||M|||50|]Sneasler||WhiteHerb|Unburden|CloseCombat,DireClaw,FakeOut,Protect|||F|||50|\n|showteam|p2|Floette-Eternal||Floettite|FlowerVeil|CalmMind,Moonblast,DazzlingGleam,Protect|||F|||50|]Garchomp||YacheBerry|RoughSkin|DragonClaw,Earthquake,RockSlide,Protect|||M|||50|]Primarina||MysticWater|LiquidVoice|Protect,HyperVoice,Moonblast,DazzlingGleam|||F|||50|]Sinistcha||SitrusBerry|Hospitality|TrickRoom,RagePowder,MatchaGotcha,LifeDew||||||50|]Incineroar||ShucaBerry|Intimidate|FakeOut,DarkestLariat,PartingShot,FlareBlitz|||F|||50|]Orthworm||Leftovers|EarthEater|ShedTail,IronDefense,BodyPress,Protect|||F|||50|\n|inactiveoff|Battle timer is now OFF.\n|j| gimme ur pts\n|\n|t:|1775912175\n|teamsize|p1|4\n|teamsize|p2|4\n|start\n|switch|p1a: Rotom|Rotom-Wash, L50|100/100\n|switch|p1b: Sneasler|Sneasler, L50, F|100/100\n|switch|p2a: Orthworm|Orthworm, L50, F, shiny|100/100\n|switch|p2b: Garchomp|Garchomp, L50, M, shiny|100/100\n|turn|1\n|j| shocccco\u2764\n|\n|t:|1775912214\n|move|p2b: Garchomp|Protect|p2b: Garchomp\n|-singleturn|p2b: Garchomp|Protect\n|move|p2a: Orthworm|Protect|p2a: Orthworm\n|-singleturn|p2a: Orthworm|Protect\n|move|p1b: Sneasler|Fake Out|p2b: Garchomp\n|-activate|p2b: Garchomp|move: Protect\n|move|p1a: Rotom|Volt Switch|p2a: Orthworm\n|-activate|p2a: Orthworm|move: Protect\n|\n|upkeep\n|turn|2\n|\n|t:|1775912246\n|switch|p1b: Tsareena|Tsareena, L50, F|100/100\n|move|p1a: Rotom|Volt Switch|p2a: Orthworm\n|-damage|p2a: Orthworm|62/100\n|\n|t:|1775912262\n|switch|p1a: Sneasler|Sneasler, L50, F|100/100|[from] Volt Switch\n|move|p2b: Garchomp|Earthquake|p1a: Sneasler|[spread] p1a,p1b\n|-heal|p2a: Orthworm|86/100|[from] ability: Earth Eater|[of] p2b: Garchomp\n|-supereffective|p1a: Sneasler|1\n|-resisted|p1b: Tsareena|1\n|-damage|p1a: Sneasler|0 fnt\n|-damage|p1b: Tsareena|81/100\n|faint|p1a: Sneasler\n|move|p2a: Orthworm|Shed Tail|p2a: Orthworm\n|-start|p2a: Orthworm|Substitute|[from] move: Shed Tail\n|-damage|p2a: Orthworm|36/100\n|\n|t:|1775912274\n|switch|p2a: Floette|Floette-Eternal, L50, F|100/100|[from] Shed Tail\n|\n|upkeep\n|\n|t:|1775912278\n|switch|p1a: Gardevoir|Gardevoir, L50, M, shiny|100/100\n|-ability|p1a: Gardevoir|Flower Veil|Trace|[from] ability: Trace|[of] p2a: Floette\n|turn|3\n|\n|t:|1775912288\n|detailschange|p1a: Gardevoir|Gardevoir-Mega, L50, M, shiny\n|-mega|p1a: Gardevoir|Gardevoir|Gardevoirite\n|move|p2b: Garchomp|Rock Slide|p1a: Gardevoir|[spread] p1a,p1b\n|-damage|p1a: Gardevoir|67/100\n|-damage|p1b: Tsareena|63/100\n|move|p2a: Floette|Calm Mind|p2a: Floette\n|-boost|p2a: Floette|spa|1\n|-boost|p2a: Floette|spd|1\n|move|p1a: Gardevoir|Hyper Voice|p2a: Floette|[spread] p2a,p2b\n|-supereffective|p2b: Garchomp|1\n|-damage|p2a: Floette|66/100\n|-damage|p2b: Garchomp|0 fnt\n|faint|p2b: Garchomp\n|cant|p1b: Tsareena|flinch\n|\n|upkeep\n|\n|t:|1775912309\n|switch|p2b: Sinistcha|Sinistcha, L50|100/100\n|-heal|p2a: Floette|91/100|[from] ability: Hospitality|[of] p2b: Sinistcha\n|turn|4\n|\n|t:|1775912323\n|detailschange|p2a: Floette|Floette-Mega, L50, F\n|-mega|p2a: Floette|Floette|Floettite\n|-ability|p2a: Floette|Fairy Aura\n|move|p2a: Floette|Dazzling Gleam|p1a: Gardevoir|[spread] p1a,p1b\n|-damage|p1a: Gardevoir|9/100\n|-damage|p1b: Tsareena|0 fnt\n|faint|p1b: Tsareena\n|move|p1a: Gardevoir|Hyper Voice|p2b: Sinistcha|[spread] p2a,p2b\n|-damage|p2a: Floette|46/100\n|-damage|p2b: Sinistcha|39/100\n|-enditem|p2b: Sinistcha|Sitrus Berry|[eat]\n|-heal|p2b: Sinistcha|64/100|[from] item: Sitrus Berry\n|move|p2b: Sinistcha|Matcha Gotcha|p1a: Gardevoir\n|-damage|p1a: Gardevoir|0 fnt\n|-heal|p2b: Sinistcha|68/100|[from] drain|[of] p1a: Gardevoir\n|faint|p1a: Gardevoir\n|\n|upkeep\n|-message|pits fiend forfeited.\n|\n|win|elychee267\n",
  "uploadtime": 1775912339,
  "views": 15,
  "formatid": "gen9championsvgc2026regma",
  "rating": null,
  "private": 0,
  "password": null
}