{
  "id": "gen9championsvgc2026regma-2584543102",
  "format": "[Gen 9 Champions] VGC 2026 Reg M-A",
  "players": [
    "Tinyhelper",
    "Self-Referential"
  ],
  "log": "|j|\u2606Tinyhelper\n|j|\u2606Self-Referential\n|t:|1776267699\n|gametype|doubles\n|player|p1|Tinyhelper|169|1107\n|player|p2|Self-Referential|steven-masters|1040\n|gen|9\n|tier|[Gen 9 Champions] VGC 2026 Reg M-A\n|rated|\n|rule|Species Clause: Limit one of each Pok\u00e9mon\n|rule|Item Clause: Limit 1 of each item\n|clearpoke\n|poke|p1|Empoleon, L50, F|\n|poke|p1|Spiritomb, L50, F|\n|poke|p1|Golurk, L50|\n|poke|p1|Garchomp, L50, M|\n|poke|p1|Heracross, L50, F|\n|poke|p1|Camerupt, L50, M|\n|poke|p2|Pelipper, L50, F|\n|poke|p2|Archaludon, L50, M|\n|poke|p2|Sinistcha, L50|\n|poke|p2|Farigiraf, L50, M|\n|poke|p2|Araquanid, L50, F|\n|poke|p2|Sylveon, L50, F|\n|teampreview|4\n|\n|t:|1776267747\n|teamsize|p1|4\n|teamsize|p2|4\n|start\n|switch|p1a: Spiritomb|Spiritomb, L50, F|100/100\n|switch|p1b: Golurk|Golurk, L50|100/100\n|switch|p2a: Araquanid|Araquanid, L50, F|100/100\n|switch|p2b: Sylveon|Sylveon, L50, F|100/100\n|-ability|p1a: Spiritomb|Pressure\n|turn|1\n|inactive|Battle timer is ON: inactive players will automatically lose when time's up. (requested by Tinyhelper)\n|\n|t:|1776267779\n|move|p1b: Golurk|Protect|p1b: Golurk\n|-singleturn|p1b: Golurk|Protect\n|move|p2b: Sylveon|Hyper Voice|p1b: Golurk|[spread] p1a\n|-activate|p1b: Golurk|move: Protect\n|-supereffective|p1a: Spiritomb|1\n|-damage|p1a: Spiritomb|9/100\n|move|p2a: Araquanid|Sticky Web|p1a: Spiritomb\n|-sidestart|p1: Tinyhelper|move: Sticky Web\n|move|p1a: Spiritomb|Trick Room|p1a: Spiritomb\n|-fieldstart|move: Trick Room|[of] p1a: Spiritomb\n|\n|upkeep\n|turn|2\n|inactive|Tinyhelper has 30 seconds left.\n|inactive|Self-Referential has 30 seconds left.\n|\n|t:|1776267813\n|detailschange|p1b: Golurk|Golurk-Mega, L50\n|-mega|p1b: Golurk|Golurk|Golurkite\n|move|p1a: Spiritomb|Memento|p2a: Araquanid\n|-unboost|p2a: Araquanid|atk|2\n|-unboost|p2a: Araquanid|spa|2\n|faint|p1a: Spiritomb\n|move|p1b: Golurk|Poltergeist|p2a: Araquanid\n|-activate|p2a: Araquanid|move: Poltergeist|Focus Sash\n|-enditem|p2a: Araquanid|Focus Sash\n|-damage|p2a: Araquanid|1/100\n|move|p2a: Araquanid|Liquidation|p1b: Golurk\n|-supereffective|p1b: Golurk|1\n|-damage|p1b: Golurk|39/100\n|move|p2b: Sylveon|Hyper Voice|p1b: Golurk\n|-damage|p1b: Golurk|0 fnt\n|faint|p1b: Golurk\n|\n|upkeep\n|\n|t:|1776267829\n|switch|p1a: Camerupt|Camerupt, L50, M|100/100\n|switch|p1b: Garchomp|Garchomp, L50, M|100/100\n|-activate|p1a: Camerupt|move: Sticky Web\n|-unboost|p1a: Camerupt|spe|1\n|-activate|p1b: Garchomp|move: Sticky Web\n|-unboost|p1b: Garchomp|spe|1\n|turn|3\n|inactive|Self-Referential has 30 seconds left.\n|inactive|Self-Referential has 20 seconds left.\n|\n|t:|1776267865\n|move|p1a: Camerupt|Eruption|p2a: Araquanid|[spread] p2a,p2b\n|-damage|p2a: Araquanid|0 fnt\n|-damage|p2b: Sylveon|58/100\n|faint|p2a: Araquanid\n|move|p2b: Sylveon|Hyper Voice|p1b: Garchomp|[spread] p1a,p1b\n|-resisted|p1a: Camerupt|1\n|-supereffective|p1b: Garchomp|1\n|-damage|p1a: Camerupt|73/100\n|-damage|p1b: Garchomp|11/100\n|move|p1b: Garchomp|Stomping Tantrum|p2b: Sylveon\n|-damage|p2b: Sylveon|0 fnt\n|faint|p2b: Sylveon\n|\n|upkeep\n|\n|t:|1776267879\n|switch|p2a: Pelipper|Pelipper, L50, F|100/100\n|switch|p2b: Archaludon|Archaludon, L50, M|100/100\n|-weather|RainDance|[from] ability: Drizzle|[of] p2a: Pelipper\n|turn|4\n|\n|t:|1776267899\n|move|p1a: Camerupt|Eruption|p2b: Archaludon|[spread] p2a,p2b\n|-resisted|p2a: Pelipper|1\n|-damage|p2a: Pelipper|89/100\n|-damage|p2b: Archaludon|80/100\n|-ability|p2b: Archaludon|Stamina|boost\n|-boost|p2b: Archaludon|def|1\n|move|p2a: Pelipper|Weather Ball|p1a: Camerupt\n|-supereffective|p1a: Camerupt|2\n|-damage|p1a: Camerupt|0 fnt\n|faint|p1a: Camerupt\n|move|p2b: Archaludon|Earthquake|p1b: Garchomp|[spread] p1b\n|-immune|p2a: Pelipper\n|-damage|p1b: Garchomp|0 fnt\n|faint|p1b: Garchomp\n|\n|win|Self-Referential\n|raw|Tinyhelper's rating: 1107 &rarr; <strong>1077</strong><br />(-30 for losing)\n|raw|Self-Referential's rating: 1040 &rarr; <strong>1080</strong><br />(+40 for winning)\n|l|\u2606Tinyhelper\n|player|p1|\n|c|\u2606Self-Referential|GG\n",
  "uploadtime": 1776267922,
  "views": 17,
  "formatid": "gen9championsvgc2026regma",
  "rating": 1077,
  "private": 0,
  "password": null
}