{
  "id": "gen9championsvgc2026regma-2585994380",
  "format": "[Gen 9 Champions] VGC 2026 Reg M-A",
  "players": [
    "Aggressiv0",
    "the_mad_jad"
  ],
  "log": "|j|\u2606Aggressiv0\n|j|\u2606the_mad_jad\n|t:|1776388481\n|gametype|doubles\n|player|p1|Aggressiv0|cynthia-gen4|1047\n|player|p2|the_mad_jad|2|1056\n|gen|9\n|tier|[Gen 9 Champions] VGC 2026 Reg M-A\n|rated|\n|rule|Species Clause: Limit one of each Pok\u00e9mon\n|rule|Item Clause: Limit 1 of each item\n|clearpoke\n|poke|p1|Incineroar, L50, F|\n|poke|p1|Farigiraf, L50, F|\n|poke|p1|Golurk, L50|\n|poke|p1|Sneasler, L50, F|\n|poke|p1|Torkoal, L50, M|\n|poke|p1|Venusaur, L50, M|\n|poke|p2|Dragonite, L50, M|\n|poke|p2|Archaludon, L50, M|\n|poke|p2|Klefki, L50, F|\n|poke|p2|Incineroar, L50, M|\n|poke|p2|Floette-Eternal, L50, F|\n|poke|p2|Sneasler, L50, M|\n|teampreview|4\n|c|\u2606Aggressiv0|Hello\nAggressiv0 has agreed to open team sheets.\n|j| freddykrueger12\n|c|\u2606Aggressiv0|Gl hf!\n|\n|t:|1776388521\n|teamsize|p1|4\n|teamsize|p2|4\n|start\n|switch|p1a: Incineroar|Incineroar, L50, F|100/100\n|switch|p1b: Sneasler|Sneasler, L50, F|100/100\n|switch|p2a: Dragonite|Dragonite, L50, M, shiny|100/100\n|switch|p2b: Klefki|Klefki, L50, F, shiny|100/100\n|-ability|p1a: Incineroar|Intimidate|boost\n|-unboost|p2a: Dragonite|atk|1\n|-unboost|p2b: Klefki|atk|1\n|turn|1\n|c|\u2606the_mad_jad|what does hf stand for\n|c|\u2606the_mad_jad|gl to you to\n|c|\u2606Aggressiv0|Have fun\n|c|\u2606the_mad_jad|oh ok. thx\n|\n|t:|1776388550\n|move|p2a: Dragonite|Protect|p2a: Dragonite\n|-singleturn|p2a: Dragonite|Protect\n|move|p2b: Klefki|Rain Dance|p2b: Klefki\n|-weather|RainDance\n|move|p1b: Sneasler|Close Combat|p1a: Incineroar\n|-supereffective|p1a: Incineroar|1\n|-damage|p1a: Incineroar|0 fnt\n|-unboost|p1b: Sneasler|def|1\n|-unboost|p1b: Sneasler|spd|1\n|faint|p1a: Incineroar\n|-enditem|p1b: Sneasler|White Herb\n|-clearnegativeboost|p1b: Sneasler|[silent]\n|\n|-weather|RainDance|[upkeep]\n|upkeep\n|c|\u2606the_mad_jad|?\n|\n|t:|1776388564\n|switch|p1a: Golurk|Golurk, L50|100/100\n|turn|2\n|\n|t:|1776388576\n|detailschange|p2a: Dragonite|Dragonite-Mega, L50, M, shiny\n|-mega|p2a: Dragonite|Dragonite|Dragoninite\n|move|p1b: Sneasler|Coaching|p1a: Golurk\n|-boost|p1a: Golurk|atk|1\n|-boost|p1a: Golurk|def|1\n|move|p2a: Dragonite|Hurricane|p1a: Golurk\n|-damage|p1a: Golurk|32/100\n|move|p2b: Klefki|Draining Kiss|p1b: Sneasler\n|-damage|p1b: Sneasler|81/100\n|move|p1a: Golurk|Headlong Rush|p1b: Sneasler\n|-supereffective|p1b: Sneasler|1\n|-damage|p1b: Sneasler|0 fnt\n|-unboost|p1a: Golurk|def|1\n|-unboost|p1a: Golurk|spd|1\n|faint|p1b: Sneasler\n|\n|-weather|RainDance|[upkeep]\n|upkeep\n|c|\u2606Aggressiv0|Miss click xd\n|c|\u2606the_mad_jad|????\n|c|\u2606Aggressiv0|Ahhh again\n|\n|t:|1776388597\n|switch|p1b: Venusaur|Venusaur, L50, M|100/100\n|turn|3\n|\n|t:|1776388607\n|move|p2a: Dragonite|Hurricane|p1b: Venusaur\n|-supereffective|p1b: Venusaur|1\n|-enditem|p1b: Venusaur|Focus Sash\n|-damage|p1b: Venusaur|1/100\n|-start|p1b: Venusaur|confusion\n|-activate|p1b: Venusaur|confusion\n|-damage|p1b: Venusaur|0 fnt|[from] confusion\n|faint|p1b: Venusaur\n|move|p2b: Klefki|Draining Kiss|p1a: Golurk\n|-damage|p1a: Golurk|8/100\n|move|p1a: Golurk|Ice Punch|p1: Venusaur|[notarget]\n|-fail|p1a: Golurk\n|\n|-weather|RainDance|[upkeep]\n|upkeep\n|turn|4\n|\n|t:|1776388628\n|move|p2a: Dragonite|Hurricane|p1a: Golurk\n|-damage|p1a: Golurk|0 fnt\n|faint|p1a: Golurk\n|\n|win|the_mad_jad\n|raw|Aggressiv0's rating: 1047 &rarr; <strong>1030</strong><br />(-17 for losing)\n|raw|the_mad_jad's rating: 1056 &rarr; <strong>1087</strong><br />(+31 for winning)\n|c|\u2606the_mad_jad|???????????????\n|c|\u2606Aggressiv0|Damn gg You are goood\n|c|\u2606the_mad_jad|idk about that\n|l| freddykrueger12\n",
  "uploadtime": 1776388663,
  "views": 21,
  "formatid": "gen9championsvgc2026regma",
  "rating": 1030,
  "private": 0,
  "password": null
}