{
  "id": "gen9championsvgc2026regma-2587439505",
  "format": "[Gen 9 Champions] VGC 2026 Reg M-A",
  "players": [
    "ivoryP",
    "magicalarcher57"
  ],
  "log": "|j|\u2606ivoryP\n|j|\u2606magicalarcher57\n|t:|1776531923\n|gametype|doubles\n|player|p1|ivoryP|bugcatcher-gen4dp|\n|player|p2|magicalarcher57|valerie|\n|gen|9\n|tier|[Gen 9 Champions] VGC 2026 Reg M-A\n|rated|Tournament battle\n|rule|Species Clause: Limit one of each Pok\u00e9mon\n|rule|Item Clause: Limit 1 of each item\n|raw|<div class=\"infobox\"><details class=\"readmore\" open><summary><strong>1 custom rule:</strong></summary> Force Open Team Sheets</details></div>\n|clearpoke\n|poke|p1|Gengar, L50, M|\n|poke|p1|Whimsicott, L50, M|\n|poke|p1|Volcarona, L50, M|\n|poke|p1|Aerodactyl, L50, F|\n|poke|p1|Kingambit, L50, F|\n|poke|p1|Kommo-o, L50, F|\n|poke|p2|Kangaskhan, L50, F, shiny|\n|poke|p2|Farigiraf, L50, M, shiny|\n|poke|p2|Talonflame, L50, M, shiny|\n|poke|p2|Floette-Eternal, L50, F|\n|poke|p2|Sneasler, L50, M, shiny|\n|poke|p2|Basculegion, L50, M, shiny|\n|teampreview|4\n|showteam|p1|Gengar||Gengarite|CursedBody|ShadowBall,Protect,Disable,SludgeBomb|||M|||50|]Whimsicott||FocusSash|Prankster|Tailwind,Moonblast,Encore,Protect|||M|||50|]Volcarona||Leftovers|FlameBody|Protect,HeatWave,BugBuzz,RagePowder|||M|||50|]Aerodactyl||BrightPowder|Unnerve|RockSlide,DualWingbeat,Tailwind,Protect|||F|||50|]Kingambit||BlackGlasses|Defiant|SuckerPunch,KowtowCleave,Protect,IronHead|||F|||50|]Kommo-o||SitrusBerry|Soundproof|ClangingScales,AuraSphere,Protect,ClangorousSoul|||F|||50|\n|showteam|p2|Kangaskhan||Kangaskhanite|Scrappy|FakeOut,HammerArm,DoubleEdge,Crunch|||F|||50|]Farigiraf||ColburBerry|ArmorTail|ShadowBall,HyperVoice,TrickRoom,Psychic|||M|||50|]Talonflame||SharpBeak|GaleWings|Tailwind,Taunt,Protect,BraveBird|||M|||50|]Floette-Eternal||Floettite|FlowerVeil|Moonblast,LightofRuin,DazzlingGleam,Protect|||F|||50|]Sneasler||FocusSash|Unburden|FakeOut,CloseCombat,DireClaw,Protect|||M|||50|]Basculegion||MysticWater|Adaptability|WaveCrash,LastRespects,AquaJet,Protect|||M|||50|\n|\n|t:|1776531977\n|teamsize|p1|4\n|teamsize|p2|4\n|start\n|switch|p1a: Kingambit|Kingambit, L50, F|100/100\n|switch|p1b: Kommo-o|Kommo-o, L50, F|100/100\n|switch|p2a: Ryoiki Tenkai|Farigiraf, L50, M, shiny|100/100\n|switch|p2b: Kangaskhan|Kangaskhan, L50, F, shiny|100/100\n|turn|1\n|\n|t:|1776532010\n|detailschange|p2b: Kangaskhan|Kangaskhan-Mega, L50, F, shiny\n|-mega|p2b: Kangaskhan|Kangaskhan|Kangaskhanite\n|move|p1b: Kommo-o|Clangorous Soul|p1b: Kommo-o\n|-boost|p1b: Kommo-o|atk|1\n|-boost|p1b: Kommo-o|def|1\n|-boost|p1b: Kommo-o|spa|1\n|-boost|p1b: Kommo-o|spd|1\n|-boost|p1b: Kommo-o|spe|1\n|-damage|p1b: Kommo-o|68/100\n|move|p2b: Kangaskhan|Hammer Arm|p1a: Kingambit\n|-supereffective|p1a: Kingambit|2\n|-damage|p1a: Kingambit|0 fnt\n|-unboost|p2b: Kangaskhan|spe|1\n|faint|p1a: Kingambit\n|-hitcount|p1: Kingambit|1\n|move|p2a: Ryoiki Tenkai|Trick Room|p2a: Ryoiki Tenkai\n|-fieldstart|move: Trick Room|[of] p2a: Ryoiki Tenkai\n|\n|upkeep\n|\n|t:|1776532020\n|switch|p1a: Aerodactyl|Aerodactyl, L50, F|100/100\n|-ability|p1a: Aerodactyl|Unnerve\n|turn|2\n|-message|ivoryP forfeited.\n|\n|win|magicalarcher57\n|n|\u2606ivoryP|ivoryp\n|n|\u2606magicalarcher57|magicalarcher57\n",
  "uploadtime": 1776532025,
  "views": 12,
  "formatid": "gen9championsvgc2026regma",
  "rating": null,
  "private": 0,
  "password": null
}