{
  "id": "gen9championsvgc2026regma-2585140857",
  "format": "[Gen 9 Champions] VGC 2026 Reg M-A",
  "players": [
    "G3N13",
    "Il buffone"
  ],
  "log": "|j|\u2606G3N13\n|j|\u2606Il buffone\n|t:|1776316718\n|gametype|doubles\n|player|p1|G3N13|n|1120\n|player|p2|Il buffone|harlequin|1103\n|gen|9\n|tier|[Gen 9 Champions] VGC 2026 Reg M-A\n|rated|\n|rule|Species Clause: Limit one of each Pok\u00e9mon\n|rule|Item Clause: Limit 1 of each item\n|clearpoke\n|poke|p1|Incineroar, L50, M|\n|poke|p1|Farigiraf, L50, F|\n|poke|p1|Torkoal, L50, M|\n|poke|p1|Gardevoir, L50, M|\n|poke|p1|Sinistcha, L50|\n|poke|p1|Corviknight, L50, F|\n|poke|p2|Arcanine-Hisui, L50, F|\n|poke|p2|Gardevoir, L50, M|\n|poke|p2|Primarina, L50, M|\n|poke|p2|Whimsicott, L50, M|\n|poke|p2|Kingambit, L50, F|\n|poke|p2|Sneasler, L50, F|\n|teampreview|4\n|\n|t:|1776316752\n|teamsize|p1|4\n|teamsize|p2|4\n|start\n|switch|p1a: Farigiraf|Farigiraf, L50, F, shiny|100/100\n|switch|p1b: Incineroar|Incineroar, L50, M, shiny|100/100\n|switch|p2a: Gardevoir|Gardevoir, L50, M|100/100\n|switch|p2b: Kingambit|Kingambit, L50, F|100/100\n|-ability|p2a: Gardevoir|Intimidate|Trace|[from] ability: Trace|[of] p1b: Incineroar\n|-ability|p2a: Gardevoir|Intimidate|boost\n|-unboost|p1a: Farigiraf|atk|1\n|-unboost|p1b: Incineroar|atk|1\n|-ability|p1b: Incineroar|Intimidate|boost\n|-unboost|p2a: Gardevoir|atk|1\n|-unboost|p2b: Kingambit|atk|1\n|-ability|p2b: Kingambit|Defiant|boost\n|-boost|p2b: Kingambit|atk|2\n|turn|1\n|inactive|Battle timer is ON: inactive players will automatically lose when time's up. (requested by Il buffone)\n|\n|t:|1776316779\n|switch|p1a: Torkoal|Torkoal, L50, M, shiny|100/100\n|-weather|SunnyDay|[from] ability: Drought|[of] p1a: Torkoal\n|detailschange|p2a: Gardevoir|Gardevoir-Mega, L50, M\n|-mega|p2a: Gardevoir|Gardevoir|Gardevoirite\n|move|p1b: Incineroar|Fake Out|p2b: Kingambit\n|-resisted|p2b: Kingambit|1\n|-damage|p2b: Kingambit|98/100\n|cant|p2b: Kingambit|flinch\n|move|p2a: Gardevoir|Trick Room|p2a: Gardevoir\n|-fieldstart|move: Trick Room|[of] p2a: Gardevoir\n|\n|-weather|SunnyDay|[upkeep]\n|upkeep\n|turn|2\n|-message|Il buffone forfeited.\n|\n|win|G3N13\n|raw|G3N13's rating: 1120 &rarr; <strong>1144</strong><br />(+24 for winning)\n|raw|Il buffone's rating: 1103 &rarr; <strong>1079</strong><br />(-24 for losing)\n",
  "uploadtime": 1776316801,
  "views": 22,
  "formatid": "gen9championsvgc2026regma",
  "rating": 1079,
  "private": 0,
  "password": null
}