{
  "id": "gen9championsvgc2026regma-2581299339",
  "format": "[Gen 9 Champions] VGC 2026 Reg M-A",
  "players": [
    "ray amyrand",
    "Lyiter"
  ],
  "log": "|j|\u2606ray amyrand\n|j|\u2606Lyiter\n|t:|1775983301\n|gametype|doubles\n|player|p1|ray amyrand|2|1357\n|player|p2|Lyiter|skier|1396\n|gen|9\n|tier|[Gen 9 Champions] VGC 2026 Reg M-A\n|rated|\n|rule|Species Clause: Limit one of each Pok\u00e9mon\n|rule|Item Clause: Limit 1 of each item\n|clearpoke\n|poke|p1|Charizard, L50, F|\n|poke|p1|Typhlosion-Hisui, L50, F|\n|poke|p1|Kingambit, L50, M|\n|poke|p1|Garchomp, L50, M|\n|poke|p1|Rotom-Wash, L50|\n|poke|p1|Whimsicott, L50, F|\n|poke|p2|Excadrill, L50, F|\n|poke|p2|Weavile, L50, M|\n|poke|p2|Tyranitar, L50, F|\n|poke|p2|Sneasler, L50, F|\n|poke|p2|Azumarill, L50, F|\n|poke|p2|Gardevoir, L50, M|\n|teampreview|4\n|j| Furka58yy\n|j| Junglebolt\n|l| Junglebolt\n|j| gE1xjZRtuhW2DdT0AK\n|inactive|Battle timer is ON: inactive players will automatically lose when time's up. (requested by Lyiter)\n|j| d3us b1d00f\nLyiter rejected open team sheets.\n|inactive|ray amyrand has 60 seconds left.\n|\n|t:|1775983375\n|teamsize|p1|4\n|teamsize|p2|4\n|start\n|switch|p1a: Garchomp|Garchomp, L50, M|100/100\n|switch|p1b: Rotom|Rotom-Wash, L50|100/100\n|switch|p2a: Weavile|Weavile, L50, M|100/100\n|switch|p2b: Azumarill|Azumarill, L50, F|100/100\n|-ability|p2a: Weavile|Pressure\n|turn|1\n|\n|t:|1775983386\n|move|p1a: Garchomp|Protect|p1a: Garchomp\n|-singleturn|p1a: Garchomp|Protect\n|move|p2a: Weavile|Fake Out|p1b: Rotom\n|-damage|p1b: Rotom|88/100\n|cant|p1b: Rotom|flinch\n|move|p2b: Azumarill|Belly Drum|p2b: Azumarill\n|-damage|p2b: Azumarill|50/100\n|-setboost|p2b: Azumarill|atk|6|[from] move: Belly Drum\n|-enditem|p2b: Azumarill|Sitrus Berry|[eat]\n|-heal|p2b: Azumarill|75/100|[from] item: Sitrus Berry\n|\n|upkeep\n|turn|2\n|\n|t:|1775983396\n|switch|p1a: Whimsicott|Whimsicott, L50, F|100/100\n|move|p2b: Azumarill|Aqua Jet|p1b: Rotom\n|-resisted|p1b: Rotom|1\n|-damage|p1b: Rotom|43/100\n|-enditem|p1b: Rotom|Sitrus Berry|[eat]\n|-heal|p1b: Rotom|68/100|[from] item: Sitrus Berry\n|move|p2a: Weavile|Knock Off|p1b: Rotom\n|-damage|p1b: Rotom|41/100\n|move|p1b: Rotom|Volt Switch|p2b: Azumarill\n|-supereffective|p2b: Azumarill|1\n|-damage|p2b: Azumarill|11/100\n|\n|t:|1775983402\n|switch|p1b: Charizard|Charizard, L50, F|100/100|[from] Volt Switch\n|\n|upkeep\n|turn|3\n|\n|t:|1775983411\n|detailschange|p1b: Charizard|Charizard-Mega-Y, L50, F\n|-mega|p1b: Charizard|Charizard|Charizardite Y\n|-weather|SunnyDay|[from] ability: Drought|[of] p1b: Charizard\n|move|p1a: Whimsicott|Tailwind|p1a: Whimsicott\n|-sidestart|p1: ray amyrand|move: Tailwind\n|move|p2b: Azumarill|Aqua Jet|p1b: Charizard\n|-supereffective|p1b: Charizard|1\n|-damage|p1b: Charizard|0 fnt\n|faint|p1b: Charizard\n|move|p2a: Weavile|Triple Axel|p1a: Whimsicott\n|-supereffective|p1a: Whimsicott|1\n|-damage|p1a: Whimsicott|70/100\n|-supereffective|p1a: Whimsicott|1\n|-damage|p1a: Whimsicott|11/100\n|-supereffective|p1a: Whimsicott|1\n|-damage|p1a: Whimsicott|0 fnt\n|faint|p1a: Whimsicott\n|-hitcount|p1: Whimsicott|3\n|\n|-weather|SunnyDay|[upkeep]\n|upkeep\n|j| DOKIBOKKI\n|-message|ray amyrand forfeited.\n|\n|win|Lyiter\n|raw|ray amyrand's rating: 1357 &rarr; <strong>1339</strong><br />(-18 for losing)\n|raw|Lyiter's rating: 1396 &rarr; <strong>1414</strong><br />(+18 for winning)\n|l|\u2606ray amyrand\n|player|p1|\n|l|\u2606Lyiter\n|player|p2|\n",
  "uploadtime": 1775983429,
  "views": 53,
  "formatid": "gen9championsvgc2026regma",
  "rating": 1339,
  "private": 0,
  "password": null
}