{
  "id": "gen9championsvgc2026regma-2581420523",
  "format": "[Gen 9 Champions] VGC 2026 Reg M-A",
  "players": [
    "noslen9385",
    "Mask4M"
  ],
  "log": "|j|\u2606noslen9385\n|j|\u2606Mask4M\n|t:|1775998629\n|gametype|doubles\n|player|p1|noslen9385|2|1066\n|player|p2|Mask4M|102|1106\n|gen|9\n|tier|[Gen 9 Champions] VGC 2026 Reg M-A\n|rated|\n|rule|Species Clause: Limit one of each Pok\u00e9mon\n|rule|Item Clause: Limit 1 of each item\n|clearpoke\n|poke|p1|Charizard, L50, F|\n|poke|p1|Incineroar, L50, M|\n|poke|p1|Rotom-Wash, L50|\n|poke|p1|Sneasler, L50, M|\n|poke|p1|Whimsicott, L50, M|\n|poke|p1|Sinistcha, L50|\n|poke|p2|Glimmora, L50, M|\n|poke|p2|Froslass, L50, F|\n|poke|p2|Sneasler, L50, M|\n|poke|p2|Incineroar, L50, M|\n|poke|p2|Whimsicott, L50, F|\n|poke|p2|Gyarados, L50, M|\n|teampreview|4\n|inactive|Battle timer is ON: inactive players will automatically lose when time's up. (requested by noslen9385)\nMask4M has agreed to open team sheets.\n|inactive|Mask4M has 60 seconds left.\n|\n|t:|1775998686\n|teamsize|p1|4\n|teamsize|p2|4\n|start\n|switch|p1a: Charizard|Charizard, L50, F|100/100\n|switch|p1b: Whimsicott|Whimsicott, L50, M|100/100\n|switch|p2a: Glimmora|Glimmora, L50, M|100/100\n|switch|p2b: Whimsicott|Whimsicott, L50, F|100/100\n|turn|1\n|inactive|Mask4M has 30 seconds left.\n|\n|t:|1775998712\n|detailschange|p1a: Charizard|Charizard-Mega-X, L50, F\n|-mega|p1a: Charizard|Charizard|Charizardite X\n|move|p2b: Whimsicott|Tailwind|p2b: Whimsicott\n|-sidestart|p2: Mask4M|move: Tailwind\n|move|p1b: Whimsicott|Tailwind|p1b: Whimsicott\n|-sidestart|p1: noslen9385|move: Tailwind\n|move|p1a: Charizard|Dragon Dance|p1a: Charizard\n|-boost|p1a: Charizard|atk|1\n|-boost|p1a: Charizard|spe|1\n|move|p2a: Glimmora|Sludge Bomb|p1b: Whimsicott\n|-supereffective|p1b: Whimsicott|2\n|-enditem|p1b: Whimsicott|Focus Sash\n|-damage|p1b: Whimsicott|1/100\n|\n|upkeep\n|turn|2\n|inactive|Mask4M has 30 seconds left.\n|\n|t:|1775998738\n|detailschange|p2a: Glimmora|Glimmora-Mega, L50, M\n|-mega|p2a: Glimmora|Glimmora|Glimmoranite\n|move|p1b: Whimsicott|Encore|p2b: Whimsicott\n|-start|p2b: Whimsicott|Encore\n|move|p2b: Whimsicott|Tailwind||[still]\n|-fail|p2b: Whimsicott\n|move|p1a: Charizard|Flare Blitz|p2b: Whimsicott\n|-supereffective|p2b: Whimsicott|1\n|-enditem|p2b: Whimsicott|Focus Sash\n|-damage|p2b: Whimsicott|1/100\n|-damage|p1a: Charizard|65/100|[from] Recoil\n|move|p2a: Glimmora|Power Gem|p1a: Charizard\n|-supereffective|p1a: Charizard|1\n|-damage|p1a: Charizard|0 fnt\n|faint|p1a: Charizard\n|\n|upkeep\n|-message|noslen9385 forfeited.\n|\n|win|Mask4M\n|raw|noslen9385's rating: 1066 &rarr; <strong>1048</strong><br />(-18 for losing)\n|raw|Mask4M's rating: 1106 &rarr; <strong>1128</strong><br />(+22 for winning)\n|l|\u2606noslen9385\n|player|p1|\n",
  "uploadtime": 1775998754,
  "views": 24,
  "formatid": "gen9championsvgc2026regma",
  "rating": 1048,
  "private": 0,
  "password": null
}