{
  "id": "gen9championsvgc2026regma-2583765932",
  "format": "[Gen 9 Champions] VGC 2026 Reg M-A",
  "players": [
    "G00bermeister69420",
    "just._.muffins"
  ],
  "log": "|j|\u2606G00bermeister69420\n|j|\u203djust._.muffins\n|t:|1776196238\n|gametype|doubles\n|player|p1|G00bermeister69420|hiker-gen4|\n|player|p2|just._.muffins|naveen|\n|gen|9\n|tier|[Gen 9 Champions] VGC 2026 Reg M-A\n|rule|Species Clause: Limit one of each Pok\u00e9mon\n|rule|Item Clause: Limit 1 of each item\n|clearpoke\n|poke|p1|Basculegion, L50, M|\n|poke|p1|Pelipper, L50, F|\n|poke|p1|Manectric, L50, F|\n|poke|p1|Drampa, L50, M|\n|poke|p1|Garchomp, L50, M|\n|poke|p1|Decidueye-Hisui, L50, F|\n|poke|p2|Delphox, L50, F|\n|poke|p2|Garchomp, L50, M|\n|poke|p2|Araquanid, L50, F|\n|poke|p2|Sinistcha, L50|\n|poke|p2|Sneasler, L50, M|\n|poke|p2|Aerodactyl, L50, F|\n|teampreview|4\n|inactive|Battle timer is ON: inactive players will automatically lose when time's up. (requested by just._.muffins)\n|\n|t:|1776196259\n|teamsize|p1|4\n|teamsize|p2|4\n|start\n|switch|p1a: Pelipper|Pelipper, L50, F|100/100\n|switch|p1b: Manectric|Manectric, L50, F|100/100\n|switch|p2a: Aerodactyl|Aerodactyl, L50, F|100/100\n|switch|p2b: Garchomp|Garchomp, L50, M|100/100\n|-ability|p2a: Aerodactyl|Unnerve\n|-weather|RainDance|[from] ability: Drizzle|[of] p1a: Pelipper\n|turn|1\n|\n|t:|1776196274\n|detailschange|p1b: Manectric|Manectric-Mega, L50, F\n|-mega|p1b: Manectric|Manectric|Manectite\n|-ability|p1b: Manectric|Intimidate|boost\n|-unboost|p2a: Aerodactyl|atk|1\n|-unboost|p2b: Garchomp|atk|1\n|-enditem|p2b: Garchomp|White Herb\n|-clearnegativeboost|p2b: Garchomp|[silent]\n|move|p1b: Manectric|Protect|p1b: Manectric\n|-singleturn|p1b: Manectric|Protect\n|move|p2b: Garchomp|Protect|p2b: Garchomp\n|-singleturn|p2b: Garchomp|Protect\n|move|p2a: Aerodactyl|Tailwind|p2a: Aerodactyl\n|-sidestart|p2: just._.muffins|move: Tailwind\n|move|p1a: Pelipper|Tailwind|p1a: Pelipper\n|-sidestart|p1: G00bermeister69420|move: Tailwind\n|\n|-weather|RainDance|[upkeep]\n|upkeep\n|turn|2\n|\n|t:|1776196291\n|switch|p1a: Decidueye|Decidueye-Hisui, L50, F|100/100\n|move|p2a: Aerodactyl|Rock Slide|p1a: Decidueye|[spread] p1a,p1b\n|-resisted|p1a: Decidueye|1\n|-damage|p1a: Decidueye|90/100\n|-damage|p1b: Manectric|75/100\n|cant|p1b: Manectric|flinch\n|move|p2b: Garchomp|Stomping Tantrum|p1b: Manectric\n|-supereffective|p1b: Manectric|1\n|-damage|p1b: Manectric|0 fnt\n|faint|p1b: Manectric\n|\n|-weather|RainDance|[upkeep]\n|upkeep\n|-message|G00bermeister69420 forfeited.\n|\n|win|just._.muffins\n|l|\u2606G00bermeister69420\n|player|p1|\n",
  "uploadtime": 1776196338,
  "views": 16,
  "formatid": "gen9championsvgc2026regma",
  "rating": null,
  "private": 0,
  "password": null
}