{
  "id": "gen9championsvgc2026regma-2585595529",
  "format": "[Gen 9 Champions] VGC 2026 Reg M-A",
  "players": [
    "Sneaselpink",
    "MrBrand"
  ],
  "log": "|j|\u2606Sneaselpink\n|j|\u2606MrBrand\n|t:|1776357796\n|gametype|doubles\n|player|p1|Sneaselpink|brock|1191\n|player|p2|MrBrand|1|1181\n|gen|9\n|tier|[Gen 9 Champions] VGC 2026 Reg M-A\n|rated|\n|rule|Species Clause: Limit one of each Pok\u00e9mon\n|rule|Item Clause: Limit 1 of each item\n|clearpoke\n|poke|p1|Sneasler, L50, F|\n|poke|p1|Kingambit, L50, F|\n|poke|p1|Sinistcha, L50|\n|poke|p1|Incineroar, L50, F|\n|poke|p1|Floette-Eternal, L50, F|\n|poke|p1|Aerodactyl, L50, F|\n|poke|p2|Gardevoir, L50, M|\n|poke|p2|Gallade, L50, M|\n|poke|p2|Farigiraf, L50, M|\n|poke|p2|Incineroar, L50, F|\n|poke|p2|Corviknight, L50, F|\n|poke|p2|Torkoal, L50, F|\n|teampreview|4\n|inactive|Battle timer is ON: inactive players will automatically lose when time's up. (requested by MrBrand)\n|inactiveoff|Battle timer is now OFF.\n|inactive|Battle timer is ON: inactive players will automatically lose when time's up. (requested by MrBrand)\n|inactive|Sneaselpink has 30 seconds left.\n|inactive|Sneaselpink has 20 seconds left.\n|inactive|Sneaselpink has 15 seconds left.\n|inactive|Sneaselpink has 10 seconds left.\n|inactive|Sneaselpink has 5 seconds left.\n|\n|t:|1776358048\n|teamsize|p1|4\n|teamsize|p2|4\n|start\n|switch|p1a: Sneasler|Sneasler, L50, F|100/100\n|switch|p1b: Kingambit|Kingambit, L50, F|100/100\n|switch|p2a: Gardevoir|Gardevoir, L50, M|100/100\n|switch|p2b: Farigiraf|Farigiraf, L50, M|100/100\n|-ability|p2a: Gardevoir|Unburden|Trace|[from] ability: Trace|[of] p1a: Sneasler\n|turn|1\n|inactive|Sneaselpink has 30 seconds left.\n|inactive|MrBrand has 30 seconds left.\n|inactive|Sneaselpink has 20 seconds left.\n|inactive|MrBrand has 20 seconds left.\n|inactive|Sneaselpink has 15 seconds left.\n|inactive|Sneaselpink has 10 seconds left.\n|inactive|Sneaselpink has 5 seconds left.\n|\n|t:|1776358103\n|detailschange|p2a: Gardevoir|Gardevoir-Mega, L50, M\n|-mega|p2a: Gardevoir|Gardevoir|Gardevoirite\n|move|p2a: Gardevoir|Protect|p2a: Gardevoir\n|-singleturn|p2a: Gardevoir|Protect\n|move|p1a: Sneasler|Dire Claw|p2b: Farigiraf\n|-damage|p2b: Farigiraf|55/100\n|-status|p2b: Farigiraf|par\n|move|p1b: Kingambit|Kowtow Cleave|p2a: Gardevoir\n|-activate|p2a: Gardevoir|move: Protect\n|cant|p2b: Farigiraf|par\n|\n|upkeep\n|turn|2\n|inactive|Sneaselpink has 30 seconds left.\n|inactive|MrBrand has 30 seconds left.\n|inactive|Sneaselpink has 20 seconds left.\n|inactive|MrBrand has 20 seconds left.\n|inactive|Sneaselpink has 15 seconds left.\n|inactive|Sneaselpink has 10 seconds left.\n|inactive|MrBrand has 15 seconds left.\n|inactive|Sneaselpink has 5 seconds left.\n|inactive|MrBrand has 10 seconds left.\n|inactive|MrBrand has 5 seconds left.\n|\n|t:|1776358163\n|switch|p2b: Torkoal|Torkoal, L50, F|100/100\n|-weather|SunnyDay|[from] ability: Drought|[of] p2b: Torkoal\n|move|p1a: Sneasler|Dire Claw|p2a: Gardevoir\n|-supereffective|p2a: Gardevoir|1\n|-damage|p2a: Gardevoir|0 fnt\n|faint|p2a: Gardevoir\n|move|p1b: Kingambit|Kowtow Cleave|p2b: Torkoal\n|-damage|p2b: Torkoal|53/100\n|\n|-weather|SunnyDay|[upkeep]\n|upkeep\n|\n|t:|1776358179\n|switch|p2a: Gallade|Gallade, L50, M|100/100\n|turn|3\n|inactive|Sneaselpink has 30 seconds left.\n|inactive|Sneaselpink has 20 seconds left.\n|inactive|Sneaselpink has 15 seconds left.\n|inactive|Sneaselpink has 10 seconds left.\n|inactive|Sneaselpink has 5 seconds left.\n|\n|t:|1776358234\n|move|p1a: Sneasler|Dire Claw|p2a: Gallade\n|-damage|p2a: Gallade|35/100\n|-enditem|p2a: Gallade|Sitrus Berry|[eat]\n|-heal|p2a: Gallade|59/100|[from] item: Sitrus Berry\n|move|p2a: Gallade|Knock Off|p1a: Sneasler\n|-resisted|p1a: Sneasler|1\n|-damage|p1a: Sneasler|70/100\n|-enditem|p1a: Sneasler|White Herb|[from] move: Knock Off|[of] p2a: Gallade\n|move|p1b: Kingambit|Kowtow Cleave|p2a: Gallade\n|-damage|p2a: Gallade|0 fnt\n|faint|p2a: Gallade\n|move|p2b: Torkoal|Eruption|p1b: Kingambit|[spread] p1a,p1b\n|-supereffective|p1b: Kingambit|1\n|-damage|p1a: Sneasler|4/100\n|-damage|p1b: Kingambit|11/100\n|\n|-weather|SunnyDay|[upkeep]\n|upkeep\n|\n|t:|1776358256\n|switch|p2a: Farigiraf|Farigiraf, L50, M|55/100 par\n|turn|4\n|-message|MrBrand forfeited.\n|\n|win|Sneaselpink\n|raw|Sneaselpink's rating: 1191 &rarr; <strong>1215</strong><br />(+24 for winning)\n|raw|MrBrand's rating: 1181 &rarr; <strong>1157</strong><br />(-24 for losing)\n|l|\u2606MrBrand\n|player|p2|\n",
  "uploadtime": 1776358544,
  "views": 23,
  "formatid": "gen9championsvgc2026regma",
  "rating": 1157,
  "private": 0,
  "password": null
}