{
  "id": "gen9championsvgc2026regma-2587004318",
  "format": "[Gen 9 Champions] VGC 2026 Reg M-A",
  "players": [
    "sekkiz",
    "tapedcrusader"
  ],
  "log": "|j|\u2606sekkiz\n|j|\u2606tapedcrusader\n|t:|1776480293\n|gametype|doubles\n|player|p1|sekkiz|1|1302\n|player|p2|tapedcrusader|red|1344\n|gen|9\n|tier|[Gen 9 Champions] VGC 2026 Reg M-A\n|rated|\n|rule|Species Clause: Limit one of each Pok\u00e9mon\n|rule|Item Clause: Limit 1 of each item\n|clearpoke\n|poke|p1|Golurk, L50|\n|poke|p1|Sneasler, L50, F|\n|poke|p1|Farigiraf, L50, M|\n|poke|p1|Incineroar, L50, M|\n|poke|p1|Venusaur, L50, F|\n|poke|p1|Torkoal, L50, F|\n|poke|p2|Floette-Eternal, L50, F|\n|poke|p2|Gengar, L50, M|\n|poke|p2|Incineroar, L50, M|\n|poke|p2|Sneasler, L50, F|\n|poke|p2|Whimsicott, L50, F|\n|poke|p2|Basculegion, L50, M|\n|teampreview|4\n|inactive|Battle timer is ON: inactive players will automatically lose when time's up. (requested by tapedcrusader)\n|\n|t:|1776480324\n|teamsize|p1|4\n|teamsize|p2|4\n|start\n|switch|p1a: Farigiraf|Farigiraf, L50, M, shiny|100/100\n|switch|p1b: Incineroar|Incineroar, L50, M|100/100\n|switch|p2a: Floette|Floette-Eternal, L50, F|100/100\n|switch|p2b: Basculegion|Basculegion, L50, M|100/100\n|-ability|p1b: Incineroar|Intimidate|boost\n|-unboost|p2a: Floette|atk|1\n|-unboost|p2b: Basculegion|atk|1\n|turn|1\n|inactive|sekkiz has 30 seconds left.\n|inactive|tapedcrusader has 30 seconds left.\n|\n|t:|1776480351\n|detailschange|p2a: Floette|Floette-Mega, L50, F\n|-mega|p2a: Floette|Floette|Floettite\n|-ability|p2a: Floette|Fairy Aura\n|move|p2b: Basculegion|Flip Turn|p1b: Incineroar\n|-supereffective|p1b: Incineroar|1\n|-damage|p1b: Incineroar|59/100\n|\n|t:|1776480358\n|switch|p2b: Incineroar|Incineroar, L50, M|100/100|[from] Flip Turn\n|-ability|p2b: Incineroar|Intimidate|boost\n|-unboost|p1a: Farigiraf|atk|1\n|-unboost|p1b: Incineroar|atk|1\n|move|p2a: Floette|Light of Ruin|p1a: Farigiraf\n|-damage|p1a: Farigiraf|0 fnt\n|faint|p1a: Farigiraf\n|-damage|p2a: Floette|35/100|[from] Recoil\n|move|p1b: Incineroar|Parting Shot|p2a: Floette\n|-unboost|p2a: Floette|atk|1\n|-unboost|p2a: Floette|spa|1\n|inactive|sekkiz has 30 seconds left.\n|\n|t:|1776480383\n|switch|p1b: Golurk|Golurk, L50, shiny|100/100|[from] Parting Shot\n|\n|upkeep\n|\n|t:|1776480387\n|switch|p1a: Incineroar|Incineroar, L50, M|59/100\n|-ability|p1a: Incineroar|Intimidate|boost\n|-unboost|p2a: Floette|atk|1\n|-unboost|p2b: Incineroar|atk|1\n|turn|2\n|inactive|tapedcrusader has 30 seconds left.\n|\n|t:|1776480414\n|switch|p2b: Basculegion|Basculegion, L50, M|100/100\n|detailschange|p1b: Golurk|Golurk-Mega, L50, shiny\n|-mega|p1b: Golurk|Golurk|Golurkite\n|move|p2a: Floette|Protect|p2a: Floette\n|-singleturn|p2a: Floette|Protect\n|move|p1a: Incineroar|Flare Blitz|p2a: Floette\n|-activate|p2a: Floette|move: Protect\n|move|p1b: Golurk|Headlong Rush|p2b: Basculegion\n|-damage|p2b: Basculegion|15/100\n|-unboost|p1b: Golurk|def|1\n|-unboost|p1b: Golurk|spd|1\n|\n|upkeep\n|turn|3\n|inactive|sekkiz has 30 seconds left.\n|inactive|tapedcrusader has 30 seconds left.\n|inactive|sekkiz has 20 seconds left.\n|inactive|sekkiz has 15 seconds left.\n|\n|t:|1776480456\n|switch|p1b: Torkoal|Torkoal, L50, F, shiny|100/100\n|-weather|SunnyDay|[from] ability: Drought|[of] p1b: Torkoal\n|move|p2b: Basculegion|Flip Turn|p1b: Torkoal\n|-supereffective|p1b: Torkoal|1\n|-crit|p1b: Torkoal\n|-damage|p1b: Torkoal|53/100\n|\n|t:|1776480471\n|switch|p2b: Sneasler|Sneasler, L50, F|100/100|[from] Flip Turn\n|move|p2a: Floette|Moonblast|p1a: Incineroar\n|-damage|p1a: Incineroar|6/100\n|move|p1a: Incineroar|Darkest Lariat|p2b: Sneasler\n|-resisted|p2b: Sneasler|1\n|-damage|p2b: Sneasler|65/100\n|\n|-weather|SunnyDay|[upkeep]\n|upkeep\n|turn|4\n|-message|sekkiz forfeited.\n|\n|win|tapedcrusader\n|raw|sekkiz's rating: 1302 &rarr; <strong>1284</strong><br />(-18 for losing)\n|raw|tapedcrusader's rating: 1344 &rarr; <strong>1362</strong><br />(+18 for winning)\n|l|\u2606sekkiz\n|player|p1|\n",
  "uploadtime": 1776480484,
  "views": 33,
  "formatid": "gen9championsvgc2026regma",
  "rating": 1284,
  "private": 0,
  "password": null
}