{
  "id": "gen9championsvgc2026regma-2587188837",
  "format": "[Gen 9 Champions] VGC 2026 Reg M-A",
  "players": [
    "crazyshit14",
    "bobby0616"
  ],
  "log": "|j|\u2606crazyshit14\n|j|\u2606bobby0616\n|t:|1776506375\n|gametype|doubles\n|player|p1|crazyshit14|1|1352\n|player|p2|bobby0616|170|1401\n|gen|9\n|tier|[Gen 9 Champions] VGC 2026 Reg M-A\n|rated|\n|rule|Species Clause: Limit one of each Pok\u00e9mon\n|rule|Item Clause: Limit 1 of each item\n|clearpoke\n|poke|p1|Starmie, L50|\n|poke|p1|Typhlosion-Hisui, L50, F|\n|poke|p1|Basculegion, L50, M|\n|poke|p1|Zoroark-Hisui, L50, M|\n|poke|p1|Kingambit, L50, F|\n|poke|p1|Talonflame, L50, F|\n|poke|p2|Garchomp, L50, M|\n|poke|p2|Charizard, L50, M|\n|poke|p2|Rotom-Wash, L50|\n|poke|p2|Venusaur, L50, F|\n|poke|p2|Incineroar, L50, F|\n|poke|p2|Aegislash, L50, F|\n|teampreview|4\n|\n|t:|1776506415\n|teamsize|p1|4\n|teamsize|p2|4\n|start\n|switch|p1a: Starmie|Starmie, L50|100/100\n|switch|p1b: Basculegion|Basculegion, L50, M|100/100\n|switch|p2a: Aegislash|Aegislash, L50, F|100/100\n|switch|p2b: Venusaur|Venusaur, L50, F|100/100\n|turn|1\n|\n|t:|1776506445\n|detailschange|p1a: Starmie|Starmie-Mega, L50\n|-mega|p1a: Starmie|Starmie|Starminite\n|detailschange|p2b: Venusaur|Venusaur-Mega, L50, F\n|-mega|p2b: Venusaur|Venusaur|Venusaurite\n|move|p1a: Starmie|Zen Headbutt|p2b: Venusaur\n|-supereffective|p2b: Venusaur|1\n|-damage|p2b: Venusaur|0 fnt\n|faint|p2b: Venusaur\n|move|p1b: Basculegion|Nasty Plot|p1b: Basculegion\n|-boost|p1b: Basculegion|spa|2\n|-formechange|p2a: Aegislash|Aegislash-Blade|\n|move|p2a: Aegislash|Shadow Ball|p1a: Starmie\n|-supereffective|p1a: Starmie|1\n|-damage|p1a: Starmie|0 fnt\n|faint|p1a: Starmie\n|\n|upkeep\n|\n|t:|1776506470\n|switch|p1a: Talonflame|Talonflame, L50, F|100/100\n|switch|p2b: Garchomp|Garchomp, L50, M|100/100\n|turn|2\n|\n|t:|1776506494\n|-formechange|p2a: Aegislash|Aegislash|\n|move|p2a: Aegislash|King's Shield|p2a: Aegislash\n|-singleturn|p2a: Aegislash|Protect\n|move|p1a: Talonflame|Brave Bird|p2b: Garchomp\n|-damage|p2b: Garchomp|56/100\n|-damage|p1a: Talonflame|88/100|[from] ability: Rough Skin|[of] p2b: Garchomp\n|-damage|p1a: Talonflame|70/100|[from] Recoil\n|move|p2b: Garchomp|Rock Slide|p1b: Basculegion|[spread] p1a,p1b\n|-supereffective|p1a: Talonflame|2\n|-damage|p1a: Talonflame|0 fnt\n|-damage|p1b: Basculegion|58/100\n|replace|p1b: Zoroark|Zoroark-Hisui, L50, M\n|-end|p1b: Zoroark|Illusion\n|faint|p1a: Talonflame\n|move|p1b: Zoroark|Bitter Malice|p2b: Garchomp\n|-damage|p2b: Garchomp|0 fnt\n|faint|p2b: Garchomp\n|\n|upkeep\n|\n|t:|1776506515\n|switch|p1a: Basculegion|Basculegion, L50, M|100/100\n|switch|p2b: Rotom|Rotom-Wash, L50|100/100\n|turn|3\n|\n|t:|1776506524\n|move|p1a: Basculegion|Last Respects|p2b: Rotom\n|-damage|p2b: Rotom|0 fnt\n|faint|p2b: Rotom\n|move|p1b: Zoroark|Bitter Malice|p2a: Aegislash\n|-supereffective|p2a: Aegislash|1\n|-damage|p2a: Aegislash|0 fnt\n|faint|p2a: Aegislash\n|\n|win|crazyshit14\n|raw|crazyshit14's rating: 1352 &rarr; <strong>1375</strong><br />(+23 for winning)\n|raw|bobby0616's rating: 1401 &rarr; <strong>1378</strong><br />(-23 for losing)\n|l|\u2606bobby0616\n|player|p2|\n",
  "uploadtime": 1776506544,
  "views": 33,
  "formatid": "gen9championsvgc2026regma",
  "rating": 1375,
  "private": 0,
  "password": null
}