{
  "id": "gen9championsvgc2026regma-2588396820",
  "format": "[Gen 9 Champions] VGC 2026 Reg M-A",
  "players": [
    "ScribbleScribble",
    "a44ects"
  ],
  "log": "|j|\u2606ScribbleScribble\n|j|\u2606a44ects\n|t:|1776630047\n|gametype|doubles\n|player|p1|ScribbleScribble|mina-lgpe|1493\n|player|p2|a44ects|sabrina-gen2|1398\n|gen|9\n|tier|[Gen 9 Champions] VGC 2026 Reg M-A\n|rated|\n|rule|Species Clause: Limit one of each Pok\u00e9mon\n|rule|Item Clause: Limit 1 of each item\n|clearpoke\n|poke|p1|Floette-Eternal, L50, F|\n|poke|p1|Sneasler, L50, F, shiny|\n|poke|p1|Aerodactyl, L50, F|\n|poke|p1|Basculegion, L50, M|\n|poke|p1|Farigiraf, L50, F|\n|poke|p1|Kingambit, L50, M|\n|poke|p2|Lucario, L50, M|\n|poke|p2|Primarina, L50, F|\n|poke|p2|Froslass, L50, F|\n|poke|p2|Garchomp, L50, F|\n|poke|p2|Talonflame, L50, F|\n|poke|p2|Rotom-Wash, L50|\n|teampreview|4\n|inactive|Battle timer is ON: inactive players will automatically lose when time's up. (requested by a44ects)\n|inactive|ScribbleScribble also wants the timer to be on.\n|j| isQuaz\n|inactive|ScribbleScribble has 60 seconds left.\n|inactive|a44ects has 60 seconds left.\n|\n|t:|1776630094\n|teamsize|p1|4\n|teamsize|p2|4\n|start\n|switch|p1a: Aerodactyl|Aerodactyl, L50, F|100/100\n|switch|p1b: Floette|Floette-Eternal, L50, F|100/100\n|switch|p2a: X-1|Froslass, L50, F|100/100\n|switch|p2b: OMg|Rotom-Wash, L50|100/100\n|-ability|p1a: Aerodactyl|Unnerve\n|turn|1\n|\n|t:|1776630109\n|detailschange|p2a: X-1|Froslass-Mega, L50, F\n|-mega|p2a: X-1|Froslass|Froslassite\n|-weather|Snowscape|[from] ability: Snow Warning|[of] p2a: X-1\n|detailschange|p1b: Floette|Floette-Mega, L50, F\n|-mega|p1b: Floette|Floette|Floettite\n|-ability|p1b: Floette|Fairy Aura\n|move|p1a: Aerodactyl|Tailwind|p1a: Aerodactyl\n|-sidestart|p1: ScribbleScribble|move: Tailwind\n|move|p1b: Floette|Dazzling Gleam|p2a: X-1|[spread] p2a,p2b\n|-damage|p2a: X-1|47/100\n|-damage|p2b: OMg|32/100\n|move|p2a: X-1|Aurora Veil|p2a: X-1\n|-sidestart|p2: a44ects|move: Aurora Veil\n|move|p2b: OMg|Nasty Plot|p2b: OMg\n|-boost|p2b: OMg|spa|2\n|\n|-weather|Snowscape|[upkeep]\n|upkeep\n|turn|2\n|inactive|ScribbleScribble has 30 seconds left.\n|\n|t:|1776630144\n|move|p1a: Aerodactyl|Rock Slide|p2a: X-1|[spread] p2a,p2b\n|-supereffective|p2a: X-1|1\n|-damage|p2a: X-1|15/100\n|-damage|p2b: OMg|11/100\n|move|p1b: Floette|Dazzling Gleam|p2b: OMg|[spread] p2a,p2b\n|-damage|p2a: X-1|0 fnt\n|-damage|p2b: OMg|0 fnt\n|faint|p2a: X-1\n|faint|p2b: OMg\n|\n|-weather|Snowscape|[upkeep]\n|upkeep\n|\n|t:|1776630148\n|switch|p2a: omg|Lucario, L50, M|100/100\n|switch|p2b: UU&A|Talonflame, L50, F|100/100\n|turn|3\n|inactive|ScribbleScribble has 30 seconds left.\n|inactive|ScribbleScribble has 20 seconds left.\n|inactive|ScribbleScribble has 15 seconds left.\n|inactive|ScribbleScribble has 10 seconds left.\n|inactive|ScribbleScribble has 5 seconds left.\n|\n|t:|1776630198\n|move|p2b: UU&A|Tailwind|p2b: UU&A\n|-sidestart|p2: a44ects|move: Tailwind\n|move|p1a: Aerodactyl|Rock Slide|p2a: omg|[spread] p2a,p2b\n|-resisted|p2a: omg|2\n|-supereffective|p2b: UU&A|2\n|-damage|p2a: omg|95/100\n|-damage|p2b: UU&A|4/100\n|move|p2a: omg|Meteor Mash|p1a: Aerodactyl\n|-supereffective|p1a: Aerodactyl|1\n|-enditem|p1a: Aerodactyl|Focus Sash\n|-damage|p1a: Aerodactyl|1/100\n|move|p1b: Floette|Dazzling Gleam|p2a: omg|[spread] p2a,p2b\n|-resisted|p2b: UU&A|1\n|-damage|p2a: omg|40/100\n|-damage|p2b: UU&A|0 fnt\n|faint|p2b: UU&A\n|\n|-weather|Snowscape|[upkeep]\n|upkeep\n|turn|4\n|\n|t:|1776630206\n|move|p1a: Aerodactyl|Rock Slide|p2a: omg\n|-resisted|p2a: omg|2\n|-damage|p2a: omg|30/100\n|move|p2a: omg|Meteor Mash|p1b: Floette\n|-supereffective|p1b: Floette|1\n|-damage|p1b: Floette|0 fnt\n|faint|p1b: Floette\n|\n|-weather|Snowscape|[upkeep]\n|-sideend|p1: ScribbleScribble|move: Tailwind\n|upkeep\n|-message|a44ects forfeited.\n|\n|win|ScribbleScribble\n|raw|ScribbleScribble's rating: 1493 &rarr; <strong>1508</strong><br />(+15 for winning)\n|raw|a44ects's rating: 1398 &rarr; <strong>1383</strong><br />(-15 for losing)\n|l|\u2606a44ects\n|player|p2|\n|l| isQuaz\n",
  "uploadtime": 1776630223,
  "views": 20,
  "formatid": "gen9championsvgc2026regma",
  "rating": 1383,
  "private": 0,
  "password": null
}