{
  "id": "gen9championsvgc2026regma-2584833633",
  "format": "[Gen 9 Champions] VGC 2026 Reg M-A",
  "players": [
    "Agesanamon",
    "Zzalen"
  ],
  "log": "|j|\u2606Agesanamon\n|j|\u2606Zzalen\n|t:|1776287210\n|gametype|doubles\n|player|p1|Agesanamon|swimmer-gen4dp|1221\n|player|p2|Zzalen|ghetsis|1201\n|gen|9\n|tier|[Gen 9 Champions] VGC 2026 Reg M-A\n|rated|\n|rule|Species Clause: Limit one of each Pok\u00e9mon\n|rule|Item Clause: Limit 1 of each item\n|clearpoke\n|poke|p1|Blastoise, L50, M|\n|poke|p1|Sinistcha, L50|\n|poke|p1|Pelipper, L50, M|\n|poke|p1|Basculegion, L50, M|\n|poke|p1|Raichu, L50, M|\n|poke|p1|Orthworm, L50, F|\n|poke|p2|Palafin, L50, F|\n|poke|p2|Froslass, L50, F|\n|poke|p2|Incineroar, L50, F|\n|poke|p2|Sinistcha, L50|\n|poke|p2|Dragonite, L50, M|\n|poke|p2|Maushold, L50|\n|teampreview|4\n|inactive|Battle timer is ON: inactive players will automatically lose when time's up. (requested by Agesanamon)\n|inactive|Agesanamon has 60 seconds left.\n|inactive|Zzalen has 60 seconds left.\n|\n|t:|1776287262\n|teamsize|p1|4\n|teamsize|p2|4\n|start\n|switch|p1a: Orthworm|Orthworm, L50, F|100/100\n|switch|p1b: Raichu|Raichu, L50, M|100/100\n|switch|p2a: Maushold|Maushold, L50, shiny|100/100\n|switch|p2b: Incineroar|Incineroar, L50, F|100/100\n|-ability|p2b: Incineroar|Intimidate|boost\n|-unboost|p1a: Orthworm|atk|1\n|-unboost|p1b: Raichu|atk|1\n|turn|1\n|inactive|Agesanamon has 30 seconds left.\n|\n|t:|1776287292\n|move|p1b: Raichu|Fake Out|p2a: Maushold\n|-damage|p2a: Maushold|93/100\n|move|p2b: Incineroar|Fake Out|p1a: Orthworm\n|-resisted|p1a: Orthworm|1\n|-damage|p1a: Orthworm|96/100\n|cant|p2a: Maushold|flinch\n|cant|p1a: Orthworm|flinch\n|\n|upkeep\n|turn|2\n|\n|t:|1776287310\n|move|p2a: Maushold|Taunt|p1a: Orthworm\n|-start|p1a: Orthworm|move: Taunt\n|move|p1b: Raichu|Volt Switch|p2b: Incineroar\n|-damage|p2b: Incineroar|86/100\n|-message|Agesanamon forfeited.\n|\n|win|Zzalen\n|raw|Agesanamon's rating: 1221 &rarr; <strong>1195</strong><br />(-26 for losing)\n|raw|Zzalen's rating: 1201 &rarr; <strong>1227</strong><br />(+26 for winning)\n|l|\u2606Agesanamon\n|player|p1|\n",
  "uploadtime": 1776287327,
  "views": 30,
  "formatid": "gen9championsvgc2026regma",
  "rating": 1195,
  "private": 0,
  "password": null
}