{
  "id": "gen9championsvgc2026regma-2587505040",
  "format": "[Gen 9 Champions] VGC 2026 Reg M-A",
  "players": [
    "LumiRev",
    "shangenb"
  ],
  "log": "|j|\u2606LumiRev\n|j|\u2606shangenb\n|t:|1776537507\n|gametype|doubles\n|player|p1|LumiRev|266|1298\n|player|p2|shangenb|101|1310\n|gen|9\n|tier|[Gen 9 Champions] VGC 2026 Reg M-A\n|rated|\n|rule|Species Clause: Limit one of each Pok\u00e9mon\n|rule|Item Clause: Limit 1 of each item\n|clearpoke\n|poke|p1|Glimmora, L50, F, shiny|\n|poke|p1|Gardevoir, L50, M|\n|poke|p1|Incineroar, L50, F|\n|poke|p1|Rotom-Wash, L50|\n|poke|p1|Corviknight, L50, M|\n|poke|p1|Hydreigon, L50, M|\n|poke|p2|Floette-Eternal, L50, F|\n|poke|p2|Garchomp, L50, F|\n|poke|p2|Sneasler, L50, F|\n|poke|p2|Basculegion-F, L50, F|\n|poke|p2|Aerodactyl, L50, M|\n|poke|p2|Incineroar, L50, M|\n|teampreview|4\n|inactive|Battle timer is ON: inactive players will automatically lose when time's up. (requested by shangenb)\n|inactive|LumiRev has 60 seconds left.\n|inactive|shangenb has 60 seconds left.\n|inactive|shangenb has 30 seconds left.\n|inactive|shangenb has 20 seconds left.\n|inactive|shangenb has 15 seconds left.\n|\n|t:|1776537588\n|teamsize|p1|4\n|teamsize|p2|4\n|start\n|switch|p1a: Incineroar|Incineroar, L50, F|100/100\n|switch|p1b: Corviknight|Corviknight, L50, M|100/100\n|switch|p2a: Basculegion|Basculegion-F, L50, F|100/100\n|switch|p2b: Sneasler|Sneasler, L50, F|100/100\n|-ability|p1a: Incineroar|Intimidate|boost\n|-unboost|p2a: Basculegion|atk|1\n|-unboost|p2b: Sneasler|atk|1\n|-enditem|p2b: Sneasler|White Herb\n|-clearnegativeboost|p2b: Sneasler|[silent]\n|turn|1\n|\n|t:|1776537609\n|move|p2b: Sneasler|Fake Out|p1b: Corviknight\n|-resisted|p1b: Corviknight|1\n|-damage|p1b: Corviknight|96/100\n|move|p1a: Incineroar|Fake Out|p2b: Sneasler\n|-damage|p2b: Sneasler|80/100\n|move|p2a: Basculegion|Muddy Water|p1b: Corviknight|[spread] p1a,p1b\n|-supereffective|p1a: Incineroar|1\n|-damage|p1a: Incineroar|29/100\n|-damage|p1b: Corviknight|63/100\n|-enditem|p1a: Incineroar|Sitrus Berry|[eat]\n|-heal|p1a: Incineroar|54/100|[from] item: Sitrus Berry\n|cant|p1b: Corviknight|flinch\n|\n|-heal|p1b: Corviknight|69/100|[from] item: Leftovers\n|upkeep\n|turn|2\n|inactive|LumiRev has 30 seconds left.\n|inactive|LumiRev has 20 seconds left.\n|\n|t:|1776537656\n|move|p2b: Sneasler|Close Combat|p1b: Corviknight\n|-damage|p1b: Corviknight|29/100\n|-unboost|p2b: Sneasler|def|1\n|-unboost|p2b: Sneasler|spd|1\n|move|p2a: Basculegion|Muddy Water|p1b: Corviknight|[spread] p1a,p1b\n|-supereffective|p1a: Incineroar|1\n|-damage|p1a: Incineroar|0 fnt\n|-damage|p1b: Corviknight|0 fnt\n|faint|p1a: Incineroar\n|faint|p1b: Corviknight\n|\n|upkeep\n|-message|LumiRev forfeited.\n|\n|win|shangenb\n|raw|LumiRev's rating: 1298 &rarr; <strong>1274</strong><br />(-24 for losing)\n|raw|shangenb's rating: 1310 &rarr; <strong>1329</strong><br />(+19 for winning)\n|l|\u2606LumiRev\n|player|p1|\n",
  "uploadtime": 1776537667,
  "views": 24,
  "formatid": "gen9championsvgc2026regma",
  "rating": 1274,
  "private": 0,
  "password": null
}