{
  "id": "gen9championsvgc2026regma-2587414133",
  "format": "[Gen 9 Champions] VGC 2026 Reg M-A",
  "players": [
    "illuminaterats",
    "ReddyG1"
  ],
  "log": "|j|\u2606illuminaterats\n|j|\u2606ReddyG1\n|t:|1776529811\n|gametype|doubles\n|player|p1|illuminaterats|2|1000\n|player|p2|ReddyG1|265|1037\n|gen|9\n|tier|[Gen 9 Champions] VGC 2026 Reg M-A\n|rated|\n|rule|Species Clause: Limit one of each Pok\u00e9mon\n|rule|Item Clause: Limit 1 of each item\n|clearpoke\n|poke|p1|Glalie, L50, F|\n|poke|p1|Starmie, L50|\n|poke|p1|Noivern, L50, F|\n|poke|p1|Aegislash, L50, F|\n|poke|p1|Aggron, L50, M|\n|poke|p1|Garganacl, L50, M|\n|poke|p2|Excadrill, L50, F|\n|poke|p2|Aerodactyl, L50, F|\n|poke|p2|Sinistcha, L50|\n|poke|p2|Quaquaval, L50, F|\n|poke|p2|Pelipper, L50, F|\n|poke|p2|Rotom-Frost, L50|\n|teampreview|4\n|l|\u2606ReddyG1\n|player|p2|\n|\n|t:|1776529837\n|teamsize|p1|4\n|teamsize|p2|4\n|start\n|switch|p1a: Glalie|Glalie, L50, F|100/100\n|switch|p1b: Noivern|Noivern, L50, F|100/100\n|switch|p2a: Quaquaval|Quaquaval, L50, F|100/100\n|switch|p2b: Pelipper|Pelipper, L50, F|100/100\n|-weather|RainDance|[from] ability: Drizzle|[of] p2b: Pelipper\n|turn|1\n|j|\u2606ReddyG1\n|player|p2|ReddyG1|265|\n|\n|t:|1776529857\n|move|p1b: Noivern|Hurricane|p2a: Quaquaval\n|-supereffective|p2a: Quaquaval|1\n|-enditem|p2a: Quaquaval|Coba Berry|[eat]\n|-enditem|p2a: Quaquaval|Coba Berry|[weaken]\n|-damage|p2a: Quaquaval|31/100\n|move|p1a: Glalie|Explosion|p2a: Quaquaval|[spread] p2a,p2b\n|-activate|p1b: Noivern|ability: Telepathy\n|-crit|p2b: Pelipper\n|-damage|p2a: Quaquaval|0 fnt\n|-damage|p2b: Pelipper|3/100\n|faint|p1a: Glalie\n|faint|p2a: Quaquaval\n|move|p2b: Pelipper|Tailwind|p2b: Pelipper\n|-sidestart|p2: ReddyG1|move: Tailwind\n|\n|-weather|RainDance|[upkeep]\n|-heal|p2b: Pelipper|9/100|[from] item: Leftovers\n|upkeep\n|\n|t:|1776529870\n|switch|p1a: Aegislash|Aegislash, L50, F|100/100\n|switch|p2a: Excadrill|Excadrill, L50, F|100/100\n|-ability|p2a: Excadrill|Mold Breaker\n|turn|2\n|l|\u2606ReddyG1\n|player|p2|\n|j|\u2606ReddyG1\n|player|p2|ReddyG1|265|\n|\n|t:|1776529900\n|switch|p1b: Starmie|Starmie, L50|100/100\n|detailschange|p2a: Excadrill|Excadrill-Mega, L50, F\n|-mega|p2a: Excadrill|Excadrill|Excadrite\n|-formechange|p1a: Aegislash|Aegislash-Blade|\n|move|p1a: Aegislash|Shadow Sneak|p2b: Pelipper\n|-damage|p2b: Pelipper|0 fnt\n|faint|p2b: Pelipper\n|move|p2a: Excadrill|Earthquake|p1a: Aegislash|[spread] p1a,p1b\n|-supereffective|p1a: Aegislash|1\n|-damage|p1a: Aegislash|0 fnt\n|-damage|p1b: Starmie|30/100\n|faint|p1a: Aegislash\n|\n|-weather|RainDance|[upkeep]\n|upkeep\n|\n|t:|1776529915\n|switch|p2b: Sinistcha|Sinistcha, L50|100/100\n|switch|p1a: Noivern|Noivern, L50, F|100/100\n|turn|3\n|\n|t:|1776529923\n|detailschange|p1b: Starmie|Starmie-Mega, L50\n|-mega|p1b: Starmie|Starmie|Starminite\n|move|p2b: Sinistcha|Rage Powder|p2b: Sinistcha\n|-singleturn|p2b: Sinistcha|move: Rage Powder\n|move|p2a: Excadrill|Rock Slide|p1b: Starmie|[spread] p1a,p1b\n|-supereffective|p1a: Noivern|1\n|-damage|p1a: Noivern|36/100\n|-damage|p1b: Starmie|0 fnt\n|faint|p1b: Starmie\n|move|p1a: Noivern|Hurricane|p2b: Sinistcha\n|-supereffective|p2b: Sinistcha|1\n|-crit|p2b: Sinistcha\n|-damage|p2b: Sinistcha|0 fnt\n|faint|p2b: Sinistcha\n|\n|-weather|RainDance|[upkeep]\n|upkeep\n|turn|4\n|\n|t:|1776529934\n|move|p2a: Excadrill|Rock Slide|p1a: Noivern\n|-supereffective|p1a: Noivern|1\n|-damage|p1a: Noivern|0 fnt\n|faint|p1a: Noivern\n|\n|win|ReddyG1\n|raw|illuminaterats's rating: 1000 &rarr; <strong>1000</strong><br />(+0 for losing)\n|raw|ReddyG1's rating: 1037 &rarr; <strong>1068</strong><br />(+31 for winning)\n|l|\u2606ReddyG1\n|player|p2|\n",
  "uploadtime": 1776529980,
  "views": 24,
  "formatid": "gen9championsvgc2026regma",
  "rating": 1000,
  "private": 0,
  "password": null
}