{
  "id": "gen9championsvgc2026regma-2583977309",
  "format": "[Gen 9 Champions] VGC 2026 Reg M-A",
  "players": [
    "TiccingTimeBomb",
    "Loglord142"
  ],
  "log": "|j|\u2606TiccingTimeBomb\n|j|\u2606Loglord142\n|t:|1776213535\n|gametype|doubles\n|player|p1|TiccingTimeBomb|169|1097\n|player|p2|Loglord142|pokemonbreeder-gen4|1094\n|gen|9\n|tier|[Gen 9 Champions] VGC 2026 Reg M-A\n|rated|\n|rule|Species Clause: Limit one of each Pok\u00e9mon\n|rule|Item Clause: Limit 1 of each item\n|clearpoke\n|poke|p1|Delphox, L50, M|\n|poke|p1|Sneasler, L50, F|\n|poke|p1|Aegislash, L50, F|\n|poke|p1|Farigiraf, L50, F|\n|poke|p1|Drampa, L50, M|\n|poke|p1|Garchomp, L50, M|\n|poke|p2|Incineroar, L50, M|\n|poke|p2|Charizard, L50, F|\n|poke|p2|Venusaur, L50, F|\n|poke|p2|Aerodactyl, L50, M|\n|poke|p2|Garchomp, L50, F|\n|poke|p2|Trevenant, L50, M|\n|teampreview|4\n|inactive|Battle timer is ON: inactive players will automatically lose when time's up. (requested by TiccingTimeBomb)\n|\n|t:|1776213566\n|teamsize|p1|4\n|teamsize|p2|4\n|start\n|switch|p1a: Drampa|Drampa, L50, M|100/100\n|switch|p1b: Farigiraf|Farigiraf, L50, F|100/100\n|switch|p2a: Leforn|Trevenant, L50, M|100/100\n|switch|p2b: Wolfey|Incineroar, L50, M|100/100\n|-ability|p2b: Wolfey|Intimidate|boost\n|-unboost|p1a: Drampa|atk|1\n|-unboost|p1b: Farigiraf|atk|1\n|-ability|p1a: Drampa|Cloud Nine\n|turn|1\n|inactive|Loglord142 has 30 seconds left.\n|\n|t:|1776213594\n|switch|p1b: Garchomp|Garchomp, L50, M|100/100\n|move|p1a: Drampa|Protect|p1a: Drampa\n|-singleturn|p1a: Drampa|Protect\n|move|p2b: Wolfey|Darkest Lariat|p1b: Garchomp\n|-damage|p1b: Garchomp|58/100\n|-damage|p2b: Wolfey|88/100|[from] ability: Rough Skin|[of] p1b: Garchomp\n|move|p2a: Leforn|Curse|p1a: Drampa\n|-start|p1a: Drampa|Curse|[of] p2a: Leforn\n|-damage|p2a: Leforn|50/100\n|-enditem|p2a: Leforn|Sitrus Berry|[eat]\n|-heal|p2a: Leforn|75/100|[from] item: Sitrus Berry\n|\n|-heal|p1b: Garchomp|64/100|[from] item: Leftovers\n|-damage|p1a: Drampa|76/100|[from] Curse\n|-item|p2a: Leforn|Sitrus Berry|[from] ability: Harvest\n|upkeep\n|turn|2\n|-message|TiccingTimeBomb forfeited.\n|\n|win|Loglord142\n|raw|TiccingTimeBomb's rating: 1097 &rarr; <strong>1072</strong><br />(-25 for losing)\n|raw|Loglord142's rating: 1094 &rarr; <strong>1120</strong><br />(+26 for winning)\n|l|\u2606TiccingTimeBomb\n|player|p1|\n",
  "uploadtime": 1776213619,
  "views": 29,
  "formatid": "gen9championsvgc2026regma",
  "rating": 1072,
  "private": 0,
  "password": null
}