{
  "id": "gen9championsvgc2026regma-2582188957",
  "format": "[Gen 9 Champions] VGC 2026 Reg M-A",
  "players": [
    "he0",
    "Sa1ty808"
  ],
  "log": "|j|\u2606he0\n|j|\u2606Sa1ty808\n|t:|1776069186\n|gametype|doubles\n|player|p1|he0|sabrina-masters|1162\n|player|p2|Sa1ty808|266|1131\n|gen|9\n|tier|[Gen 9 Champions] VGC 2026 Reg M-A\n|rated|\n|rule|Species Clause: Limit one of each Pok\u00e9mon\n|rule|Item Clause: Limit 1 of each item\n|clearpoke\n|poke|p1|Archaludon, L50, M|\n|poke|p1|Garchomp, L50, M|\n|poke|p1|Whimsicott, L50, F|\n|poke|p1|Floette-Eternal, L50, F|\n|poke|p1|Charizard, L50, F|\n|poke|p1|Sneasler, L50, M|\n|poke|p2|Gardevoir, L50, F|\n|poke|p2|Whimsicott, L50, M|\n|poke|p2|Charizard, L50, F|\n|poke|p2|Sneasler, L50, M|\n|poke|p2|Incineroar, L50, M|\n|poke|p2|Sinistcha, L50|\n|teampreview|4\n|inactive|Battle timer is ON: inactive players will automatically lose when time's up. (requested by Sa1ty808)\n|\n|t:|1776069235\n|teamsize|p1|4\n|teamsize|p2|4\n|start\n|switch|p1a: Whimsicott|Whimsicott, L50, F|100/100\n|switch|p1b: Charizard|Charizard, L50, F|100/100\n|switch|p2a: Charizard|Charizard, L50, F|100/100\n|switch|p2b: Whimsicott|Whimsicott, L50, M|100/100\n|turn|1\n|inactive|Sa1ty808 has 30 seconds left.\n|inactive|Sa1ty808 has 20 seconds left.\n|\n|t:|1776069274\n|detailschange|p2a: Charizard|Charizard-Mega-Y, L50, F\n|-mega|p2a: Charizard|Charizard|Charizardite Y\n|-weather|SunnyDay|[from] ability: Drought|[of] p2a: Charizard\n|detailschange|p1b: Charizard|Charizard-Mega-Y, L50, F\n|-mega|p1b: Charizard|Charizard|Charizardite Y\n|move|p1a: Whimsicott|Tailwind|p1a: Whimsicott\n|-sidestart|p1: he0|move: Tailwind\n|move|p2b: Whimsicott|Taunt|p1a: Whimsicott\n|-start|p1a: Whimsicott|move: Taunt\n|move|p1b: Charizard|Heat Wave|p2b: Whimsicott|[spread] p2a\n|-miss|p1b: Charizard|p2b: Whimsicott\n|-resisted|p2a: Charizard|1\n|-damage|p2a: Charizard|70/100\n|move|p2a: Charizard|Heat Wave|p1b: Charizard|[spread] p1a,p1b\n|-supereffective|p1a: Whimsicott|1\n|-resisted|p1b: Charizard|1\n|-enditem|p1a: Whimsicott|Focus Sash\n|-damage|p1a: Whimsicott|1/100\n|-damage|p1b: Charizard|73/100\n|\n|-weather|SunnyDay|[upkeep]\n|upkeep\n|turn|2\n|\n|t:|1776069299\n|move|p2b: Whimsicott|Tailwind|p2b: Whimsicott\n|-sidestart|p2: Sa1ty808|move: Tailwind\n|move|p1a: Whimsicott|Endeavor|p2a: Charizard\n|-damage|p2a: Charizard|1/100\n|move|p2a: Charizard|Heat Wave|p1a: Whimsicott|[spread] p1a,p1b\n|-supereffective|p1a: Whimsicott|1\n|-resisted|p1b: Charizard|1\n|-damage|p1a: Whimsicott|0 fnt\n|-damage|p1b: Charizard|44/100\n|faint|p1a: Whimsicott\n|move|p1b: Charizard|Heat Wave|p2a: Charizard|[spread] p2a,p2b\n|-resisted|p2a: Charizard|1\n|-supereffective|p2b: Whimsicott|1\n|-damage|p2a: Charizard|0 fnt\n|-damage|p2b: Whimsicott|0 fnt\n|faint|p2a: Charizard\n|faint|p2b: Whimsicott\n|\n|-weather|SunnyDay|[upkeep]\n|upkeep\n|-message|Sa1ty808 forfeited.\n|\n|win|he0\n|raw|he0's rating: 1162 &rarr; <strong>1185</strong><br />(+23 for winning)\n|raw|Sa1ty808's rating: 1131 &rarr; <strong>1108</strong><br />(-23 for losing)\n|l|\u2606Sa1ty808\n|player|p2|\n",
  "uploadtime": 1776069316,
  "views": 13,
  "formatid": "gen9championsvgc2026regma",
  "rating": 1108,
  "private": 0,
  "password": null
}