{
  "id": "gen9championsvgc2026regma-2588686944",
  "format": "[Gen 9 Champions] VGC 2026 Reg M-A",
  "players": [
    "Kitsune.Post",
    "wubwawub"
  ],
  "log": "|j|\u2606Kitsune.Post\n|j|\u2606wubwawub\n|t:|1776657750\n|gametype|doubles\n|player|p1|Kitsune.Post|medium|1091\n|player|p2|wubwawub|gentleman-gen4|1071\n|gen|9\n|tier|[Gen 9 Champions] VGC 2026 Reg M-A\n|rated|\n|rule|Species Clause: Limit one of each Pok\u00e9mon\n|rule|Item Clause: Limit 1 of each item\n|clearpoke\n|poke|p1|Sneasler, L50, F|\n|poke|p1|Garchomp, L50, F|\n|poke|p1|Skarmory, L50, M|\n|poke|p1|Floette-Eternal, L50, F|\n|poke|p1|Zoroark-Hisui, L50, F|\n|poke|p1|Whimsicott, L50, F|\n|poke|p2|Snorlax, L50, M|\n|poke|p2|Mimikyu, L50, F, shiny|\n|poke|p2|Drampa, L50, M|\n|poke|p2|Torkoal, L50, M|\n|poke|p2|Slowking, L50, M|\n|poke|p2|Aurorus, L50, F|\n|teampreview|4\nwubwawub rejected open team sheets.\n|\n|t:|1776657777\n|teamsize|p1|4\n|teamsize|p2|4\n|start\n|switch|p1a: Sneasler|Sneasler, L50, F|100/100\n|switch|p1b: Skarmory|Skarmory, L50, M|100/100\n|switch|p2a: Ivy|Mimikyu, L50, F, shiny|100/100\n|switch|p2b: Terry|Torkoal, L50, M|100/100\n|-weather|SunnyDay|[from] ability: Drought|[of] p2b: Terry\n|turn|1\n|\n|t:|1776657809\n|detailschange|p1b: Skarmory|Skarmory-Mega, L50, M\n|-mega|p1b: Skarmory|Skarmory|Skarmorite\n|move|p2b: Terry|Protect|p2b: Terry\n|-singleturn|p2b: Terry|Protect\n|move|p1a: Sneasler|Fling|p2a: Ivy\n|-activate|p2a: Ivy|ability: Disguise\n|-damage|p2a: Ivy|100/100\n|-enditem|p1a: Sneasler|King's Rock|[from] move: Fling\n|detailschange|p2a: Ivy|Mimikyu-Busted, L50, F, shiny\n|-damage|p2a: Ivy|88/100|[from] pokemon: Mimikyu-Busted\n|move|p1b: Skarmory|Drill Peck|p2b: Terry\n|-activate|p2b: Terry|move: Protect\n|cant|p2a: Ivy|flinch\n|\n|-weather|SunnyDay|[upkeep]\n|upkeep\n|turn|2\n|\n|t:|1776657840\n|switch|p2b: Sammy|Snorlax, L50, M|100/100\n|move|p1a: Sneasler|Dire Claw|p2b: Sammy\n|-damage|p2b: Sammy|67/100\n|-status|p2b: Sammy|par\n|move|p1b: Skarmory|Iron Head|p2a: Ivy\n|-supereffective|p2a: Ivy|1\n|-damage|p2a: Ivy|0 fnt\n|faint|p2a: Ivy\n|\n|-weather|SunnyDay|[upkeep]\n|upkeep\n|-message|wubwawub forfeited.\n|\n|win|Kitsune.Post\n|raw|Kitsune.Post's rating: 1091 &rarr; <strong>1116</strong><br />(+25 for winning)\n|raw|wubwawub's rating: 1071 &rarr; <strong>1052</strong><br />(-19 for losing)\n|l|\u2606wubwawub\n|player|p2|\n",
  "uploadtime": 1776657918,
  "views": 5,
  "formatid": "gen9championsvgc2026regma",
  "rating": 1052,
  "private": 0,
  "password": null
}