{
  "id": "gen9championsvgc2026regma-2583456330",
  "format": "[Gen 9 Champions] VGC 2026 Reg M-A",
  "players": [
    "meursault1941",
    "the law1234"
  ],
  "log": "|j|\u2606meursault1941\n|j|\u2606the law1234\n|t:|1776176830\n|gametype|doubles\n|player|p1|meursault1941|169|1011\n|player|p2|the law1234|1|1000\n|gen|9\n|tier|[Gen 9 Champions] VGC 2026 Reg M-A\n|rated|\n|rule|Species Clause: Limit one of each Pok\u00e9mon\n|rule|Item Clause: Limit 1 of each item\n|clearpoke\n|poke|p1|Meganium, L50, F|\n|poke|p1|Whimsicott, L50, F|\n|poke|p1|Sinistcha, L50|\n|poke|p1|Incineroar, L50, F|\n|poke|p1|Rotom-Wash, L50|\n|poke|p1|Lucario, L50, F|\n|poke|p2|Archaludon, L50, M|\n|poke|p2|Pelipper, L50, F|\n|poke|p2|Primarina, L50, M|\n|poke|p2|Basculegion-F, L50, F|\n|poke|p2|Garchomp, L50, M|\n|poke|p2|Feraligatr, L50, F|\n|teampreview|4\n|inactive|Battle timer is ON: inactive players will automatically lose when time's up. (requested by meursault1941)\nmeursault1941 rejected open team sheets.\n|inactive|the law1234 has 60 seconds left.\n|\n|t:|1776176861\n|teamsize|p1|4\n|teamsize|p2|4\n|start\n|switch|p1a: Lucario|Lucario, L50, F|100/100\n|switch|p1b: Sinistcha|Sinistcha, L50|100/100\n|switch|p2a: Archaludon|Archaludon, L50, M|100/100\n|switch|p2b: Pelipper|Pelipper, L50, F|100/100\n|-weather|RainDance|[from] ability: Drizzle|[of] p2b: Pelipper\n|turn|1\n|\n|t:|1776176877\n|detailschange|p1a: Lucario|Lucario-Mega, L50, F\n|-mega|p1a: Lucario|Lucario|Lucarionite\n|move|p1b: Sinistcha|Rage Powder|p1b: Sinistcha\n|-singleturn|p1b: Sinistcha|move: Rage Powder\n|move|p1a: Lucario|Swords Dance|p1a: Lucario\n|-boost|p1a: Lucario|atk|2\n|move|p2a: Archaludon|Electro Shot||[still]\n|-prepare|p2a: Archaludon|Electro Shot\n|-boost|p2a: Archaludon|spa|1\n|-anim|p2a: Archaludon|Electro Shot|p1a: Lucario\n|-damage|p1a: Lucario|0 fnt\n|faint|p1a: Lucario\n|move|p2b: Pelipper|Tailwind|p2b: Pelipper\n|-sidestart|p2: the law1234|move: Tailwind\n|\n|-weather|RainDance|[upkeep]\n|upkeep\n|-message|meursault1941 forfeited.\n|\n|win|the law1234\n|raw|meursault1941's rating: 1011 &rarr; <strong>1000</strong><br />(-11 for losing)\n|raw|the law1234's rating: 1000 &rarr; <strong>1041</strong><br />(+41 for winning)\n|l|\u2606meursault1941\n|player|p1|\n",
  "uploadtime": 1776176919,
  "views": 21,
  "formatid": "gen9championsvgc2026regma",
  "rating": 1000,
  "private": 0,
  "password": null
}