{
  "id": "gen9championsvgc2026regma-2582919712",
  "format": "[Gen 9 Champions] VGC 2026 Reg M-A",
  "players": [
    "bitin",
    "alvaroucm"
  ],
  "log": "|j|\u2606bitin\n|j|\u2606alvaroucm\n|t:|1776125017\n|gametype|doubles\n|player|p1|bitin|1|1000\n|player|p2|alvaroucm|101|1000\n|gen|9\n|tier|[Gen 9 Champions] VGC 2026 Reg M-A\n|rated|\n|rule|Species Clause: Limit one of each Pok\u00e9mon\n|rule|Item Clause: Limit 1 of each item\n|clearpoke\n|poke|p1|Meowstic, L50, M|\n|poke|p1|Alakazam, L50, M|\n|poke|p1|Pelipper, L50, F|\n|poke|p1|Basculegion, L50, M|\n|poke|p1|Sinistcha-Masterpiece, L50|\n|poke|p1|Scizor, L50, M|\n|poke|p2|Pelipper, L50, F|\n|poke|p2|Basculegion, L50, M|\n|poke|p2|Sinistcha, L50|\n|poke|p2|Archaludon, L50, M|\n|poke|p2|Sneasler, L50, M|\n|poke|p2|Dragonite, L50, M|\n|teampreview|4\n|\n|t:|1776125064\n|teamsize|p1|4\n|teamsize|p2|4\n|start\n|switch|p1a: Meowstic|Meowstic, L50, M|100/100\n|switch|p1b: Alakazam|Alakazam, L50, M|100/100\n|switch|p2a: Pelipper|Pelipper, L50, F|100/100\n|switch|p2b: Dragonite|Dragonite, L50, M|100/100\n|-weather|RainDance|[from] ability: Drizzle|[of] p2a: Pelipper\n|turn|1\n|\n|t:|1776125097\n|detailschange|p1b: Alakazam|Alakazam-Mega, L50, M\n|-mega|p1b: Alakazam|Alakazam|Alakazite\n|-ability|p1b: Alakazam|Multiscale|Trace|[from] ability: Trace|[of] p2b: Dragonite\n|move|p1a: Meowstic|Psychic Terrain|p1a: Meowstic\n|-fieldstart|move: Psychic Terrain\n|move|p1b: Alakazam|Expanding Force|p2b: Dragonite|[spread] p2a,p2b\n|-crit|p2b: Dragonite\n|-enditem|p2a: Pelipper|Focus Sash\n|-damage|p2a: Pelipper|1/100\n|-damage|p2b: Dragonite|43/100\n|move|p2b: Dragonite|Dragon Pulse|p1a: Meowstic\n|-damage|p1a: Meowstic|55/100\n|move|p2a: Pelipper|Weather Ball|p1a: Meowstic\n|-damage|p1a: Meowstic|0 fnt\n|faint|p1a: Meowstic\n|\n|-weather|RainDance|[upkeep]\n|upkeep\n|\n|t:|1776125117\n|switch|p1a: Basculegion|Basculegion, L50, M|100/100\n|turn|2\n|\n|t:|1776125136\n|switch|p2a: Archaludon|Archaludon, L50, M|100/100\n|move|p2b: Dragonite|Protect|p2b: Dragonite\n|-singleturn|p2b: Dragonite|Protect\n|move|p1a: Basculegion|Last Respects|p2b: Dragonite\n|-activate|p2b: Dragonite|move: Protect\n|move|p1b: Alakazam|Expanding Force|p2b: Dragonite|[spread] p2a\n|-activate|p2b: Dragonite|move: Protect\n|-resisted|p2a: Archaludon|1\n|-damage|p2a: Archaludon|64/100\n|-ability|p2a: Archaludon|Stamina|boost\n|-boost|p2a: Archaludon|def|1\n|\n|-weather|RainDance|[upkeep]\n|-heal|p2a: Archaludon|71/100|[from] item: Leftovers\n|upkeep\n|turn|3\n|\n|t:|1776125159\n|move|p1a: Basculegion|Last Respects|p2b: Dragonite\n|-damage|p2b: Dragonite|0 fnt\n|faint|p2b: Dragonite\n|move|p1b: Alakazam|Focus Blast|p2a: Archaludon\n|-supereffective|p2a: Archaludon|1\n|-damage|p2a: Archaludon|0 fnt\n|faint|p2a: Archaludon\n|\n|-weather|RainDance|[upkeep]\n|upkeep\n|\n|t:|1776125170\n|switch|p2b: Pelipper|Pelipper, L50, F|1/100\n|switch|p2a: Sneasler|Sneasler, L50, M|100/100\n|turn|4\n|\n|t:|1776125197\n|move|p1a: Basculegion|Last Respects|p2a: Sneasler\n|-damage|p2a: Sneasler|19/100\n|move|p1b: Alakazam|Expanding Force|p2a: Sneasler|[spread] p2a,p2b\n|-supereffective|p2a: Sneasler|2\n|-damage|p2a: Sneasler|0 fnt\n|-damage|p2b: Pelipper|0 fnt\n|faint|p2a: Sneasler\n|faint|p2b: Pelipper\n|\n|win|bitin\n|raw|bitin's rating: 1000 &rarr; <strong>1040</strong><br />(+40 for winning)\n|raw|alvaroucm's rating: 1000 &rarr; <strong>1000</strong><br />(+0 for losing)\n|l|\u2606alvaroucm\n|player|p2|\n",
  "uploadtime": 1776125211,
  "views": 16,
  "formatid": "gen9championsvgc2026regma",
  "rating": 1000,
  "private": 0,
  "password": null
}