{
  "id": "gen9championsvgc2026regma-2580766730",
  "format": "[Gen 9 Champions] VGC 2026 Reg M-A",
  "players": [
    "Pando067",
    "d4ntez"
  ],
  "log": "|j|\u2606Pando067\n|j|\u2606d4ntez\n|t:|1775930784\n|gametype|doubles\n|player|p1|Pando067|psychic-lgpe|1096\n|player|p2|d4ntez|170|1000\n|gen|9\n|tier|[Gen 9 Champions] VGC 2026 Reg M-A\n|rated|\n|rule|Species Clause: Limit one of each Pok\u00e9mon\n|rule|Item Clause: Limit 1 of each item\n|clearpoke\n|poke|p1|Incineroar, L50, F|\n|poke|p1|Whimsicott, L50, M|\n|poke|p1|Crabominable, L50, M|\n|poke|p1|Farigiraf, L50, M|\n|poke|p1|Floette-Eternal, L50, F|\n|poke|p1|Sinistcha, L50|\n|poke|p2|Chesnaught, L50, M|\n|poke|p2|Oranguru, L50, F|\n|poke|p2|Ariados, L50, M|\n|poke|p2|Aromatisse, L50, M|\n|poke|p2|Clawitzer, L50, F|\n|poke|p2|Aerodactyl, L50, F|\n|teampreview|4\n|\n|t:|1775930821\n|teamsize|p1|4\n|teamsize|p2|4\n|start\n|switch|p1a: Whimsicott|Whimsicott, L50, M|100/100\n|switch|p1b: Floette|Floette-Eternal, L50, F|100/100\n|switch|p2a: Oranguru|Oranguru, L50, F, shiny|100/100\n|switch|p2b: Aerodactyl|Aerodactyl, L50, F|100/100\n|-ability|p2b: Aerodactyl|Unnerve\n|turn|1\n|\n|t:|1775930841\n|detailschange|p1b: Floette|Floette-Mega, L50, F\n|-mega|p1b: Floette|Floette|Floettite\n|-ability|p1b: Floette|Fairy Aura\n|move|p1a: Whimsicott|Protect|p1a: Whimsicott\n|-singleturn|p1a: Whimsicott|Protect\n|move|p2b: Aerodactyl|Taunt|p1a: Whimsicott\n|-activate|p1a: Whimsicott|move: Protect\n|move|p1b: Floette|Calm Mind|p1b: Floette\n|-boost|p1b: Floette|spa|1\n|-boost|p1b: Floette|spd|1\n|move|p2a: Oranguru|Trick Room|p2a: Oranguru\n|-fieldstart|move: Trick Room|[of] p2a: Oranguru\n|\n|upkeep\n|turn|2\n|\n|t:|1775930867\n|move|p2a: Oranguru|Psychic|p1b: Floette\n|-damage|p1b: Floette|86/100\n|move|p1b: Floette|Dazzling Gleam|p2a: Oranguru|[spread] p2a,p2b\n|-crit|p2a: Oranguru\n|-damage|p2a: Oranguru|44/100\n|-damage|p2b: Aerodactyl|14/100\n|move|p1a: Whimsicott|Moonblast|p2b: Aerodactyl\n|-damage|p2b: Aerodactyl|0 fnt\n|faint|p2b: Aerodactyl\n|\n|upkeep\n|\n|t:|1775930880\n|switch|p2b: Clawitzer|Clawitzer, L50, F|100/100\n|turn|3\n|\n|t:|1775930894\n|move|p1b: Floette|Protect|p1b: Floette\n|-singleturn|p1b: Floette|Protect\n|move|p1a: Whimsicott|Worry Seed|p2b: Clawitzer\n|-ability|p2b: Clawitzer|Insomnia|Mega Launcher|[from] move: Worry Seed\n|move|p2a: Oranguru|Instruct||[still]\n|-fail|p2a: Oranguru\n|move|p2b: Clawitzer|Water Pulse|p1b: Floette\n|-activate|p1b: Floette|move: Protect\n|\n|upkeep\n|turn|4\n|\n|t:|1775930920\n|move|p2a: Oranguru|Instruct|p1b: Floette\n|-singleturn|p1b: Floette|move: Instruct|[of] p2a: Oranguru\n|move|p1b: Floette|Protect|p1b: Floette\n|-singleturn|p1b: Floette|Protect\n|move|p2b: Clawitzer|Water Pulse|p1b: Floette\n|-activate|p1b: Floette|move: Protect\n|move|p1b: Floette|Dazzling Gleam|p2b: Clawitzer|[spread] p2a,p2b\n|-damage|p2a: Oranguru|7/100\n|-damage|p2b: Clawitzer|36/100\n|move|p1a: Whimsicott|Moonblast|p2a: Oranguru\n|-damage|p2a: Oranguru|0 fnt\n|faint|p2a: Oranguru\n|\n|upkeep\n|-message|d4ntez forfeited.\n|\n|win|Pando067\n|raw|Pando067's rating: 1096 &rarr; <strong>1115</strong><br />(+19 for winning)\n|raw|d4ntez's rating: 1000 &rarr; <strong>1000</strong><br />(+0 for losing)\n|l|\u2606d4ntez\n|player|p2|\n",
  "uploadtime": 1775930937,
  "views": 11,
  "formatid": "gen9championsvgc2026regma",
  "rating": 1000,
  "private": 0,
  "password": null
}