{
  "id": "gen9championsvgc2026regma-2581318305",
  "format": "[Gen 9 Champions] VGC 2026 Reg M-A",
  "players": [
    "miquellapolis",
    "zeranogamer147"
  ],
  "log": "|j|\u2606miquellapolis\n|j|\u2606zeranogamer147\n|t:|1775985926\n|gametype|doubles\n|player|p1|miquellapolis|clair|1375\n|player|p2|zeranogamer147|2|1326\n|gen|9\n|tier|[Gen 9 Champions] VGC 2026 Reg M-A\n|rated|\n|rule|Species Clause: Limit one of each Pok\u00e9mon\n|rule|Item Clause: Limit 1 of each item\n|clearpoke\n|poke|p1|Floette-Eternal, L50, F|\n|poke|p1|Incineroar, L50, M|\n|poke|p1|Whimsicott, L50, F|\n|poke|p1|Sneasler, L50, F|\n|poke|p1|Garchomp, L50, F|\n|poke|p1|Zoroark-Hisui, L50, F|\n|poke|p2|Charizard, L50, M|\n|poke|p2|Venusaur, L50, F|\n|poke|p2|Garchomp, L50, M|\n|poke|p2|Gardevoir, L50, M|\n|poke|p2|Milotic, L50, M|\n|poke|p2|Incineroar, L50, M|\n|teampreview|4\n|inactive|Battle timer is ON: inactive players will automatically lose when time's up. (requested by miquellapolis)\n|\n|t:|1775985949\n|teamsize|p1|4\n|teamsize|p2|4\n|start\n|switch|p1a: Floette|Floette-Eternal, L50, F|100/100\n|switch|p1b: Whimsicott|Whimsicott, L50, F|100/100\n|switch|p2a: Venusaur|Venusaur, L50, F|100/100\n|switch|p2b: Charizard|Charizard, L50, M|100/100\n|turn|1\n|\n|t:|1775985966\n|detailschange|p2b: Charizard|Charizard-Mega-Y, L50, M\n|-mega|p2b: Charizard|Charizard|Charizardite Y\n|-weather|SunnyDay|[from] ability: Drought|[of] p2b: Charizard\n|detailschange|p1a: Floette|Floette-Mega, L50, F\n|-mega|p1a: Floette|Floette|Floettite\n|-ability|p1a: Floette|Fairy Aura\n|move|p1b: Whimsicott|Protect|p1b: Whimsicott\n|-singleturn|p1b: Whimsicott|Protect\n|move|p1a: Floette|Protect|p1a: Floette\n|-singleturn|p1a: Floette|Protect\n|move|p2a: Venusaur|Sleep Powder|p1a: Floette\n|-activate|p1a: Floette|move: Protect\n|move|p2b: Charizard|Heat Wave|p1a: Floette|[spread] \n|-activate|p1a: Floette|move: Protect\n|-activate|p1b: Whimsicott|move: Protect\n|\n|-weather|SunnyDay|[upkeep]\n|upkeep\n|turn|2\n|j| gE1xjZRtuhW2DdT0AK\n|\n|t:|1775985987\n|move|p1b: Whimsicott|Tailwind|p1b: Whimsicott\n|-sidestart|p1: miquellapolis|move: Tailwind\n|move|p1a: Floette|Moonblast|p2a: Venusaur\n|-resisted|p2a: Venusaur|1\n|-damage|p2a: Venusaur|59/100\n|move|p2a: Venusaur|Sludge Bomb|p1a: Floette\n|-supereffective|p1a: Floette|1\n|-damage|p1a: Floette|37/100\n|move|p2b: Charizard|Heat Wave|p1a: Floette|[spread] p1a,p1b\n|-supereffective|p1b: Whimsicott|1\n|-damage|p1a: Floette|0 fnt\n|-enditem|p1b: Whimsicott|Focus Sash\n|-damage|p1b: Whimsicott|1/100\n|faint|p1a: Floette\n|\n|-weather|SunnyDay|[upkeep]\n|upkeep\n|\n|t:|1775985997\n|switch|p1a: Sneasler|Sneasler, L50, F|100/100\n|turn|3\n|-message|miquellapolis forfeited.\n|\n|win|zeranogamer147\n|raw|miquellapolis's rating: 1375 &rarr; <strong>1352</strong><br />(-23 for losing)\n|raw|zeranogamer147's rating: 1326 &rarr; <strong>1349</strong><br />(+23 for winning)\n|l|\u2606miquellapolis\n|player|p1|\n",
  "uploadtime": 1775986042,
  "views": 49,
  "formatid": "gen9championsvgc2026regma",
  "rating": 1349,
  "private": 0,
  "password": null
}