{
  "id": "gen9championsvgc2026regma-2589421603",
  "format": "[Gen 9 Champions] VGC 2026 Reg M-A",
  "players": [
    "vnunesp12",
    "great paddyano"
  ],
  "log": "|j|\u2606vnunesp12\n|j|\u2606great paddyano\n|t:|1776721573\n|gametype|doubles\n|player|p1|vnunesp12|red|1184\n|player|p2|great paddyano|102|1093\n|gen|9\n|tier|[Gen 9 Champions] VGC 2026 Reg M-A\n|rated|\n|rule|Species Clause: Limit one of each Pok\u00e9mon\n|rule|Item Clause: Limit 1 of each item\n|clearpoke\n|poke|p1|Manectric, L50, M|\n|poke|p1|Pelipper, L50, M|\n|poke|p1|Basculegion, L50, M|\n|poke|p1|Sneasler, L50, M|\n|poke|p1|Kingambit, L50, M|\n|poke|p1|Archaludon, L50, M|\n|poke|p2|Liepard, L50, F|\n|poke|p2|Chesnaught, L50, F|\n|poke|p2|Scizor, L50, M|\n|poke|p2|Farigiraf, L50, M|\n|poke|p2|Arcanine-Hisui, L50, M|\n|poke|p2|Klefki, L50, M|\n|teampreview|4\n|inactive|Battle timer is ON: inactive players will automatically lose when time's up. (requested by great paddyano)\n|inactive|vnunesp12 also wants the timer to be on.\n|inactive|vnunesp12 has 60 seconds left.\n|inactive|great paddyano has 60 seconds left.\n|\n|t:|1776721617\n|teamsize|p1|4\n|teamsize|p2|4\n|start\n|switch|p1a: Erick|Kingambit, L50, M|100/100\n|switch|p1b: Pulga|Sneasler, L50, M|100/100\n|switch|p2a: Liepard|Liepard, L50, F|100/100\n|switch|p2b: Chesnaught|Chesnaught, L50, F|100/100\n|turn|1\n|inactive|vnunesp12 has 30 seconds left.\n|\n|t:|1776721650\n|switch|p2a: Farigiraf|Farigiraf, L50, M|100/100\n|detailschange|p2b: Chesnaught|Chesnaught-Mega, L50, F\n|-mega|p2b: Chesnaught|Chesnaught|Chesnaughtite\n|move|p1a: Erick|Protect|p1a: Erick\n|-singleturn|p1a: Erick|Protect\n|move|p1b: Pulga|Close Combat|p2a: Farigiraf\n|-damage|p2a: Farigiraf|36/100\n|-unboost|p1b: Pulga|def|1\n|-unboost|p1b: Pulga|spd|1\n|-enditem|p1b: Pulga|White Herb\n|-clearnegativeboost|p1b: Pulga|[silent]\n|move|p2b: Chesnaught|Iron Defense|p2b: Chesnaught\n|-boost|p2b: Chesnaught|def|2\n|\n|-heal|p2a: Farigiraf|42/100|[from] item: Leftovers\n|upkeep\n|turn|2\n|inactive|vnunesp12 has 30 seconds left.\n|inactive|great paddyano has 30 seconds left.\n|\n|t:|1776721682\n|switch|p2a: Arcanine|Arcanine-Hisui, L50, M|100/100\n|-ability|p2a: Arcanine|Intimidate|boost\n|-unboost|p1a: Erick|atk|1\n|-ability|p1a: Erick|Defiant|boost\n|-boost|p1a: Erick|atk|2\n|-unboost|p1b: Pulga|atk|1\n|move|p1b: Pulga|Close Combat|p2b: Chesnaught\n|-damage|p2b: Chesnaught|91/100\n|-unboost|p1b: Pulga|def|1\n|-unboost|p1b: Pulga|spd|1\n|move|p1a: Erick|Kowtow Cleave|p2a: Arcanine\n|-damage|p2a: Arcanine|0 fnt\n|faint|p2a: Arcanine\n|move|p2b: Chesnaught|Body Press|p1a: Erick\n|-supereffective|p1a: Erick|2\n|-damage|p1a: Erick|0 fnt\n|faint|p1a: Erick\n|\n|upkeep\n|\n|t:|1776721702\n|switch|p2a: Liepard|Liepard, L50, F|100/100\n|switch|p1a: \u00c9verton Ribeiro|Pelipper, L50, M|100/100\n|-weather|RainDance|[from] ability: Drizzle|[of] p1a: \u00c9verton Ribeiro\n|turn|3\n|\n|t:|1776721718\n|move|p2a: Liepard|Fake Out|p1a: \u00c9verton Ribeiro\n|-damage|p1a: \u00c9verton Ribeiro|92/100\n|move|p1b: Pulga|Close Combat|p2a: Liepard\n|-supereffective|p2a: Liepard|1\n|-damage|p2a: Liepard|0 fnt\n|-unboost|p1b: Pulga|def|1\n|-unboost|p1b: Pulga|spd|1\n|faint|p2a: Liepard\n|cant|p1a: \u00c9verton Ribeiro|flinch\n|move|p2b: Chesnaught|Body Press|p1b: Pulga\n|-resisted|p1b: Pulga|1\n|-damage|p1b: Pulga|0 fnt\n|faint|p1b: Pulga\n|\n|-weather|RainDance|[upkeep]\n|upkeep\n|\n|t:|1776721734\n|switch|p2a: Farigiraf|Farigiraf, L50, M|42/100\n|switch|p1b: Luciano Juba|Manectric, L50, M|100/100\n|turn|4\n|\n|t:|1776721751\n|detailschange|p1b: Luciano Juba|Manectric-Mega, L50, M\n|-mega|p1b: Luciano Juba|Manectric|Manectite\n|-ability|p1b: Luciano Juba|Intimidate|boost\n|-unboost|p2a: Farigiraf|atk|1\n|-unboost|p2b: Chesnaught|atk|1\n|move|p1b: Luciano Juba|Thunder|p2a: Farigiraf\n|-damage|p2a: Farigiraf|0 fnt\n|faint|p2a: Farigiraf\n|move|p1a: \u00c9verton Ribeiro|Hurricane|p2b: Chesnaught\n|-supereffective|p2b: Chesnaught|2\n|-damage|p2b: Chesnaught|0 fnt\n|faint|p2b: Chesnaught\n|\n|win|vnunesp12\n|raw|vnunesp12's rating: 1184 &rarr; <strong>1203</strong><br />(+19 for winning)\n|raw|great paddyano's rating: 1093 &rarr; <strong>1075</strong><br />(-18 for losing)\n|l|\u2606great paddyano\n|player|p2|\n",
  "uploadtime": 1776721775,
  "views": 4,
  "formatid": "gen9championsvgc2026regma",
  "rating": 1075,
  "private": 0,
  "password": null
}