{
  "id": "gen9championsvgc2026regma-2588203471",
  "format": "[Gen 9 Champions] VGC 2026 Reg M-A",
  "players": [
    "DAVID867",
    "capacete5"
  ],
  "log": "|j|\u2606DAVID867\n|j|\u2606capacete5\n|t:|1776614096\n|gametype|doubles\n|player|p1|DAVID867|266|\n|player|p2|capacete5|byron|\n|gen|9\n|tier|[Gen 9 Champions] VGC 2026 Reg M-A\n|rule|Species Clause: Limit one of each Pok\u00e9mon\n|rule|Item Clause: Limit 1 of each item\n|clearpoke\n|poke|p1|Pelipper, L50, M|\n|poke|p1|Archaludon, L50, M|\n|poke|p1|Sneasler, L50, F|\n|poke|p1|Floette-Eternal, L50, F|\n|poke|p1|Sinistcha, L50|\n|poke|p1|Basculegion, L50, M|\n|poke|p2|Weavile, L50, M|\n|poke|p2|Ninetales-Alola, L50, M|\n|poke|p2|Blastoise, L50, F|\n|poke|p2|Sinistcha-Masterpiece, L50|\n|poke|p2|Garchomp, L50, F|\n|poke|p2|Sneasler, L50, M|\n|teampreview|4\n|inactive|Battle timer is ON: inactive players will automatically lose when time's up. (requested by capacete5)\ncapacete5 has agreed to open team sheets.\nDAVID867 has agreed to open team sheets.\n|showteam|p1|Pelipper||QuickClaw|Drizzle|WeatherBall,Hurricane,Tailwind,Protect|||M|||50|]Archaludon||ChopleBerry|Stamina|ElectroShot,FlashCannon,DragonPulse,Protect|||M|||50|]Sneasler||FocusSash|Unburden|FakeOut,DireClaw,CloseCombat,Protect|||F|||50|]Floette-Eternal||Floettite|FlowerVeil|DazzlingGleam,LightofRuin,CalmMind,Protect|||F|||50|]Sinistcha||SitrusBerry|Hospitality|MatchaGotcha,TrickRoom,RagePowder,Protect||||||50|]Basculegion||MysticWater|SwiftSwim|WaveCrash,LastRespects,AquaJet,Protect|||M|||50|\n|showteam|p2|Weavile||ChoiceScarf|Pressure|IcicleCrash,IceShard,KnockOff,ShadowClaw|||M|||50|]Ninetales-Alola||NeverMeltIce|SnowWarning|AuroraVeil,Blizzard,HelpingHand,IcyWind|||M|||50|]Blastoise||Blastoisinite|Torrent|AuraSphere,DarkPulse,DragonPulse,WaterPulse|||F|||50|]Sinistcha-Masterpiece||SitrusBerry|Hospitality|RagePowder,MatchaGotcha,TrickRoom,LifeDew||||||50|]Garchomp||HabanBerry|RoughSkin|Earthquake,RockSlide,DragonClaw,Protect|||F|||50|]Sneasler||WhiteHerb|Unburden|DireClaw,CloseCombat,FakeOut,Protect|||M|||50|\n|\n|t:|1776614124\n|teamsize|p1|4\n|teamsize|p2|4\n|start\n|switch|p1a: Sneasler|Sneasler, L50, F|100/100\n|switch|p1b: Archaludon|Archaludon, L50, M|100/100\n|switch|p2a: Blastoise|Blastoise, L50, F|100/100\n|switch|p2b: Sinistcha|Sinistcha-Masterpiece, L50|100/100\n|turn|1\n|-message|DAVID867 forfeited.\n|\n|win|capacete5\n",
  "uploadtime": 1776614144,
  "views": 5,
  "formatid": "gen9championsvgc2026regma",
  "rating": null,
  "private": 0,
  "password": null
}