{
  "id": "gen9championsvgc2026regma-2583538467",
  "format": "[Gen 9 Champions] VGC 2026 Reg M-A",
  "players": [
    "inosely",
    "arneslotvgc"
  ],
  "log": "|j|\u2606inosely\n|j|\u2606arneslotvgc\n|t:|1776181983\n|gametype|doubles\n|player|p1|inosely|102|1072\n|player|p2|arneslotvgc|101|1119\n|gen|9\n|tier|[Gen 9 Champions] VGC 2026 Reg M-A\n|rated|\n|rule|Species Clause: Limit one of each Pok\u00e9mon\n|rule|Item Clause: Limit 1 of each item\n|clearpoke\n|poke|p1|Hatterene, L50, F|\n|poke|p1|Dragonite, L50, F|\n|poke|p1|Torkoal, L50, F|\n|poke|p1|Farigiraf, L50, F|\n|poke|p1|Basculegion, L50, M|\n|poke|p1|Kingambit, L50, F|\n|poke|p2|Delphox, L50, F|\n|poke|p2|Rotom-Wash, L50|\n|poke|p2|Incineroar, L50, M|\n|poke|p2|Garchomp, L50, F|\n|poke|p2|Whimsicott, L50, F|\n|poke|p2|Sneasler, L50, F|\n|teampreview|4\n|\n|t:|1776182002\n|teamsize|p1|4\n|teamsize|p2|4\n|start\n|switch|p1a: Farigiraf|Farigiraf, L50, F|100/100\n|switch|p1b: Hatterene|Hatterene, L50, F|100/100\n|switch|p2a: Garchomp|Garchomp, L50, F|100/100\n|switch|p2b: Sneasler|Sneasler, L50, F|100/100\n|turn|1\n|-activate|p2a: Garchomp|item: Quick Claw\n|\n|t:|1776182016\n|move|p2a: Garchomp|Rock Slide|p1a: Farigiraf|[spread] p1b\n|-miss|p2a: Garchomp|p1a: Farigiraf\n|-damage|p1b: Hatterene|77/100\n|move|p2b: Sneasler|Dire Claw|p1b: Hatterene\n|-supereffective|p1b: Hatterene|1\n|-damage|p1b: Hatterene|0 fnt\n|faint|p1b: Hatterene\n|move|p1a: Farigiraf|Trick Room|p1a: Farigiraf\n|-fieldstart|move: Trick Room|[of] p1a: Farigiraf\n|\n|upkeep\n|\n|t:|1776182024\n|switch|p1b: Dragonite|Dragonite, L50, F|100/100\n|turn|2\n|\n|t:|1776182041\n|detailschange|p1b: Dragonite|Dragonite-Mega, L50, F\n|-mega|p1b: Dragonite|Dragonite|Dragoninite\n|move|p1a: Farigiraf|Hyper Voice|p2b: Sneasler|[spread] p2a,p2b\n|-damage|p2a: Garchomp|69/100\n|-damage|p2b: Sneasler|62/100\n|move|p1b: Dragonite|Ice Beam|p2a: Garchomp\n|-supereffective|p2a: Garchomp|2\n|-damage|p2a: Garchomp|0 fnt\n|faint|p2a: Garchomp\n|move|p2b: Sneasler|Dire Claw|p1b: Dragonite\n|-damage|p1b: Dragonite|84/100\n|\n|upkeep\n|\n|t:|1776182047\n|switch|p2a: Whimsicott|Whimsicott, L50, F|100/100\n|turn|3\n|\n|t:|1776182067\n|move|p1a: Farigiraf|Psychic|p2b: Sneasler\n|-supereffective|p2b: Sneasler|2\n|-damage|p2b: Sneasler|0 fnt\n|faint|p2b: Sneasler\n|move|p1b: Dragonite|Fire Blast|p2a: Whimsicott\n|-supereffective|p2a: Whimsicott|1\n|-enditem|p2a: Whimsicott|Focus Sash\n|-damage|p2a: Whimsicott|1/100\n|move|p2a: Whimsicott|Moonblast|p1b: Dragonite\n|-supereffective|p1b: Dragonite|1\n|-crit|p1b: Dragonite\n|-damage|p1b: Dragonite|7/100\n|\n|upkeep\n|\n|t:|1776182077\n|switch|p2b: Delphox|Delphox, L50, F|100/100\n|turn|4\n|\n|t:|1776182086\n|detailschange|p2b: Delphox|Delphox-Mega, L50, F\n|-mega|p2b: Delphox|Delphox|Delphoxite\n|move|p1a: Farigiraf|Hyper Voice|p2b: Delphox|[spread] p2a,p2b\n|-damage|p2a: Whimsicott|0 fnt\n|-damage|p2b: Delphox|72/100\n|faint|p2a: Whimsicott\n|move|p1b: Dragonite|Draco Meteor|p2b: Delphox\n|-damage|p2b: Delphox|0 fnt\n|-unboost|p1b: Dragonite|spa|2\n|faint|p2b: Delphox\n|\n|win|inosely\n|raw|inosely's rating: 1072 &rarr; <strong>1105</strong><br />(+33 for winning)\n|raw|arneslotvgc's rating: 1119 &rarr; <strong>1091</strong><br />(-28 for losing)\n",
  "uploadtime": 1776182098,
  "views": 17,
  "formatid": "gen9championsvgc2026regma",
  "rating": 1091,
  "private": 0,
  "password": null
}