{
  "id": "gen9championsvgc2026regma-2582992051",
  "format": "[Gen 9 Champions] VGC 2026 Reg M-A",
  "players": [
    "magikarp soup",
    "Yoshiforlife"
  ],
  "log": "|j|\u2606magikarp soup\n|j|\u2606Yoshiforlife\n|t:|1776131445\n|gametype|doubles\n|player|p1|magikarp soup|medium|1068\n|player|p2|Yoshiforlife|2|1065\n|gen|9\n|tier|[Gen 9 Champions] VGC 2026 Reg M-A\n|rated|\n|rule|Species Clause: Limit one of each Pok\u00e9mon\n|rule|Item Clause: Limit 1 of each item\n|clearpoke\n|poke|p1|Flapple, L50, F|\n|poke|p1|Clefable, L50, M|\n|poke|p1|Sableye, L50, M|\n|poke|p1|Volcarona, L50, M|\n|poke|p1|Starmie, L50|\n|poke|p1|Floette-Eternal, L50, F|\n|poke|p2|Delphox, L50, M|\n|poke|p2|Basculegion, L50, M|\n|poke|p2|Clefable, L50, M|\n|poke|p2|Kingambit, L50, M|\n|poke|p2|Dragonite, L50, M|\n|poke|p2|Sneasler, L50, F|\n|teampreview|4\n|inactive|Battle timer is ON: inactive players will automatically lose when time's up. (requested by Yoshiforlife)\n|inactive|magikarp soup has 60 seconds left.\n|\n|t:|1776131500\n|teamsize|p1|4\n|teamsize|p2|4\n|start\n|switch|p1a: Flapple|Flapple, L50, F|100/100\n|switch|p1b: Sableye|Sableye, L50, M|100/100\n|switch|p2a: Sneasler|Sneasler, L50, F|100/100\n|switch|p2b: Kingambit|Kingambit, L50, M|100/100\n|turn|1\n|\n|t:|1776131519\n|move|p1a: Flapple|Protect|p1a: Flapple\n|-singleturn|p1a: Flapple|Protect\n|move|p1b: Sableye|Gravity|p1b: Sableye\n|-fieldstart|move: Gravity\n|move|p2a: Sneasler|Dire Claw|p1a: Flapple\n|-activate|p1a: Flapple|move: Protect\n|move|p2b: Kingambit|Kowtow Cleave|p1b: Sableye\n|-damage|p1b: Sableye|20/100\n|\n|upkeep\n|turn|2\n|\n|t:|1776131536\n|move|p1b: Sableye|Quash|p2a: Sneasler\n|-activate|p2a: Sneasler|move: Quash\n|move|p1a: Flapple|Dragon Rush|p2a: Sneasler\n|-enditem|p2a: Sneasler|Focus Sash\n|-damage|p2a: Sneasler|1/100\n|move|p2b: Kingambit|Kowtow Cleave|p1b: Sableye\n|-damage|p1b: Sableye|0 fnt\n|faint|p1b: Sableye\n|move|p2a: Sneasler|Dire Claw|p1a: Flapple\n|-supereffective|p1a: Flapple|1\n|-damage|p1a: Flapple|0 fnt\n|faint|p1a: Flapple\n|\n|upkeep\n|\n|t:|1776131544\n|switch|p1a: Starmie|Starmie, L50|100/100\n|switch|p1b: Floette|Floette-Eternal, L50, F|100/100\n|turn|3\n|\n|t:|1776131560\n|detailschange|p1a: Starmie|Starmie-Mega, L50\n|-mega|p1a: Starmie|Starmie|Starminite\n|move|p2b: Kingambit|Sucker Punch|p1a: Starmie\n|-supereffective|p1a: Starmie|1\n|-damage|p1a: Starmie|0 fnt\n|faint|p1a: Starmie\n|move|p2a: Sneasler|Dire Claw|p1b: Floette\n|-supereffective|p1b: Floette|1\n|-damage|p1b: Floette|0 fnt\n|faint|p1b: Floette\n|\n|win|Yoshiforlife\n|raw|magikarp soup's rating: 1068 &rarr; <strong>1048</strong><br />(-20 for losing)\n|raw|Yoshiforlife's rating: 1065 &rarr; <strong>1096</strong><br />(+31 for winning)\n|l|\u2606magikarp soup\n|player|p1|\n",
  "uploadtime": 1776131573,
  "views": 29,
  "formatid": "gen9championsvgc2026regma",
  "rating": 1048,
  "private": 0,
  "password": null
}