{
  "id": "gen9championsvgc2026regma-2582481841",
  "format": "[Gen 9 Champions] VGC 2026 Reg M-A",
  "players": [
    "Natfully",
    "5wamp"
  ],
  "log": "|j|\u2606Natfully\n|j|\u26065wamp\n|html|<table width=\"100%\"><tr><td align=\"left\">Natfully</td><td align=\"right\">5wamp</tr><tr><td align=\"left\"><i class=\"fa fa-circle\"></i> <i class=\"fa fa-circle-o\"></i> </td><td align=\"right\"><i class=\"fa fa-circle-o\"></i> <i class=\"fa fa-circle\"></i> </tr></table>\n|uhtml|bestof|<h2><strong>Game 3</strong> of <a href=\"/game-bestof3-gen9championsvgc2026regma-2582475593\">a best-of-3</a></h2>\n|t:|1776094501\n|gametype|doubles\n|player|p1|Natfully|cynthia-gen4|\n|player|p2|5wamp|iono-masters|\n|gen|9\n|tier|[Gen 9 Champions] VGC 2026 Reg M-A\n|rated|Tournament battle\n|rule|Species Clause: Limit one of each Pok\u00e9mon\n|rule|Item Clause: Limit 1 of each item\n|raw|<div class=\"infobox\"><details class=\"readmore\" open><summary><strong>2 custom rules:</strong></summary> Force Open Team Sheets, Best of = 3</details></div>\n|clearpoke\n|poke|p1|Tyranitar, L50, F|\n|poke|p1|Excadrill, L50, M|\n|poke|p1|Zoroark-Hisui, L50, M|\n|poke|p1|Armarouge, L50, M|\n|poke|p1|Gyarados, L50, F|\n|poke|p1|Sinistcha, L50|\n|poke|p2|Floette-Eternal, L50, F|\n|poke|p2|Sneasler, L50, M|\n|poke|p2|Basculegion, L50, M|\n|poke|p2|Aerodactyl, L50, M|\n|poke|p2|Kingambit, L50, F|\n|poke|p2|Incineroar, L50, F|\n|teampreview|4\n|showteam|p1|Tyranitar||Tyranitarite|SandStream|RockSlide,KnockOff,BrickBreak,Protect|||F|||50|]Excadrill||FocusSash|SandRush|IronHead,RockSlide,HighHorsepower,Protect|||M|||50|]Zoroark-Hisui||ChoiceScarf|Illusion|BitterMalice,HyperVoice,Psychic,Flamethrower|||M|||50|]Armarouge||ColburBerry|FlashFire|HeatWave,Psychic,WideGuard,TrickRoom|||M|||50|]Gyarados||SitrusBerry|Intimidate|Waterfall,Sandstorm,ThunderWave,Protect|||F|||50|]Sinistcha||Leftovers|Hospitality|MatchaGotcha,StrengthSap,RagePowder,TrickRoom||||||50|\n|showteam|p2|Floette-Eternal||Floettite|FlowerVeil|Moonblast,DazzlingGleam,DrainingKiss,Protect|||F|||50|]Sneasler||WhiteHerb|Unburden|FakeOut,CloseCombat,DireClaw,Protect|||M|||50|]Basculegion||ChoiceScarf|Adaptability|WaveCrash,LastRespects,AquaJet,FlipTurn|||M|||50|]Aerodactyl||FocusSash|Unnerve|RockSlide,DualWingbeat,Tailwind,Protect|||M|||50|]Kingambit||ChopleBerry|Defiant|IronHead,LowKick,SuckerPunch,Protect|||F|||50|]Incineroar||SitrusBerry|Intimidate|FakeOut,FlareBlitz,ThroatChop,PartingShot|||F|||50|\n|inactive|Battle timer is ON: inactive players will automatically lose when time's up. (requested by 5wamp)\n|j| SanjiQ\n|j| potatoesinmyslacks\n|\n|t:|1776094528\n|teamsize|p1|4\n|teamsize|p2|4\n|start\n|switch|p1a: Tyranitar|Tyranitar, L50, F|100/100\n|switch|p1b: Excadrill|Excadrill, L50, M|100/100\n|switch|p2a: Floette|Floette-Eternal, L50, F|100/100\n|switch|p2b: Incineroar|Incineroar, L50, F|100/100\n|-ability|p2b: Incineroar|Intimidate|boost\n|-unboost|p1a: Tyranitar|atk|1\n|-unboost|p1b: Excadrill|atk|1\n|-weather|Sandstorm|[from] ability: Sand Stream|[of] p1a: Tyranitar\n|turn|1\n|\n|t:|1776094541\n|switch|p1b: Gyarados|Gyarados, L50, F|100/100\n|detailschange|p2a: Floette|Floette-Mega, L50, F\n|-mega|p2a: Floette|Floette|Floettite\n|-ability|p2a: Floette|Fairy Aura\n|move|p2b: Incineroar|Fake Out|p1b: Gyarados\n|-immune|p1b: Gyarados\n|move|p2a: Floette|Dazzling Gleam|p1a: Tyranitar|[spread] p1a,p1b\n|-supereffective|p1a: Tyranitar|1\n|-damage|p1a: Tyranitar|51/100\n|-damage|p1b: Gyarados|16/100\n|replace|p1b: Zoroark|Zoroark-Hisui, L50, M\n|-end|p1b: Zoroark|Illusion\n|move|p1a: Tyranitar|Rock Slide|p2a: Floette|[spread] p2a,p2b\n|-supereffective|p2b: Incineroar|1\n|-damage|p2a: Floette|81/100\n|-damage|p2b: Incineroar|71/100\n|\n|-weather|Sandstorm|[upkeep]\n|-damage|p1b: Zoroark|10/100|[from] Sandstorm\n|-damage|p2a: Floette|75/100|[from] Sandstorm\n|-damage|p2b: Incineroar|65/100|[from] Sandstorm\n|upkeep\n|turn|2\n|j| StarX99\n|\n|t:|1776094553\n|move|p1b: Zoroark|Hyper Voice|p2a: Floette|[spread] p2a,p2b\n|-damage|p2a: Floette|51/100\n|-damage|p2b: Incineroar|31/100\n|-enditem|p2b: Incineroar|Sitrus Berry|[eat]\n|-heal|p2b: Incineroar|56/100|[from] item: Sitrus Berry\n|move|p2a: Floette|Moonblast|p1a: Tyranitar\n|-supereffective|p1a: Tyranitar|1\n|-damage|p1a: Tyranitar|0 fnt\n|faint|p1a: Tyranitar\n|move|p2b: Incineroar|Parting Shot|p1b: Zoroark\n|-unboost|p1b: Zoroark|atk|1\n|-unboost|p1b: Zoroark|spa|1\n|l| potatoesinmyslacks\n|-message|Natfully forfeited.\n|\n|win|5wamp\n",
  "uploadtime": 1776094564,
  "views": 10,
  "formatid": "gen9championsvgc2026regma",
  "rating": null,
  "private": 0,
  "password": null
}