{
  "id": "gen9championsvgc2026regma-2584170916",
  "format": "[Gen 9 Champions] VGC 2026 Reg M-A",
  "players": [
    "xxinxin",
    "AlejoSv8"
  ],
  "log": "|j|\u2606xxinxin\n|j|\u2606AlejoSv8\n|t:|1776233824\n|gametype|doubles\n|player|p1|xxinxin|1|1096\n|player|p2|AlejoSv8|102|1106\n|gen|9\n|tier|[Gen 9 Champions] VGC 2026 Reg M-A\n|rated|\n|rule|Species Clause: Limit one of each Pok\u00e9mon\n|rule|Item Clause: Limit 1 of each item\n|clearpoke\n|poke|p1|Charizard, L50, F|\n|poke|p1|Whimsicott, L50, F|\n|poke|p1|Garchomp, L50, F|\n|poke|p1|Incineroar, L50, F|\n|poke|p1|Tyranitar, L50, M|\n|poke|p1|Excadrill, L50, F|\n|poke|p2|Torkoal, L50, M|\n|poke|p2|Gallade, L50, M|\n|poke|p2|Venusaur, L50, M|\n|poke|p2|Farigiraf, L50, F|\n|poke|p2|Charizard, L50, M|\n|poke|p2|Garchomp, L50, F|\n|teampreview|4\n|\n|t:|1776233847\n|teamsize|p1|4\n|teamsize|p2|4\n|start\n|switch|p1a: Tyranitar|Tyranitar, L50, M|100/100\n|switch|p1b: Excadrill|Excadrill, L50, F|100/100\n|switch|p2a: Farigiraf|Farigiraf, L50, F|100/100\n|switch|p2b: Gallade|Gallade, L50, M|100/100\n|-weather|Sandstorm|[from] ability: Sand Stream|[of] p1a: Tyranitar\n|turn|1\n|\n|t:|1776233887\n|detailschange|p1a: Tyranitar|Tyranitar-Mega, L50, M\n|-mega|p1a: Tyranitar|Tyranitar|Tyranitarite\n|move|p1b: Excadrill|Iron Head|p2a: Farigiraf\n|-damage|p2a: Farigiraf|53/100\n|move|p2b: Gallade|Sacred Sword|p1a: Tyranitar\n|-supereffective|p1a: Tyranitar|2\n|-damage|p1a: Tyranitar|0 fnt\n|faint|p1a: Tyranitar\n|cant|p2a: Farigiraf|flinch\n|\n|-weather|Sandstorm|[upkeep]\n|-damage|p2b: Gallade|95/100|[from] Sandstorm\n|-damage|p2a: Farigiraf|47/100|[from] Sandstorm\n|-enditem|p2a: Farigiraf|Sitrus Berry|[eat]\n|-heal|p2a: Farigiraf|72/100|[from] item: Sitrus Berry\n|upkeep\n|\n|t:|1776233905\n|switch|p1a: Garchomp|Garchomp, L50, F|100/100\n|turn|2\n|\n|t:|1776233916\n|move|p1b: Excadrill|Iron Head|p2a: Farigiraf\n|-damage|p2a: Farigiraf|22/100\n|move|p1a: Garchomp|Poison Jab|p2a: Farigiraf\n|-damage|p2a: Farigiraf|2/100\n|move|p2b: Gallade|Sacred Sword|p1b: Excadrill\n|-supereffective|p1b: Excadrill|1\n|-damage|p1b: Excadrill|0 fnt\n|faint|p1b: Excadrill\n|move|p2a: Farigiraf|Trick Room|p2a: Farigiraf\n|-fieldstart|move: Trick Room|[of] p2a: Farigiraf\n|\n|-weather|Sandstorm|[upkeep]\n|-damage|p2a: Farigiraf|0 fnt|[from] Sandstorm\n|-damage|p2b: Gallade|89/100|[from] Sandstorm\n|faint|p2a: Farigiraf\n|upkeep\n|-message|xxinxin forfeited.\n|\n|win|AlejoSv8\n|raw|xxinxin's rating: 1096 &rarr; <strong>1072</strong><br />(-24 for losing)\n|raw|AlejoSv8's rating: 1106 &rarr; <strong>1130</strong><br />(+24 for winning)\n|l|\u2606xxinxin\n|player|p1|\n",
  "uploadtime": 1776233937,
  "views": 17,
  "formatid": "gen9championsvgc2026regma",
  "rating": 1072,
  "private": 0,
  "password": null
}