{
  "id": "gen9championsvgc2026regma-2580381223",
  "format": "[Gen 9 Champions] VGC 2026 Reg M-A",
  "players": [
    "lolgz",
    "Rand0mn4me"
  ],
  "log": "|j|\u2606lolgz\n|j|\u2606Rand0mn4me\n|t:|1775888043\n|gametype|doubles\n|player|p1|lolgz|266|1134\n|player|p2|Rand0mn4me|101|1077\n|gen|9\n|tier|[Gen 9 Champions] VGC 2026 Reg M-A\n|rated|\n|rule|Species Clause: Limit one of each Pok\u00e9mon\n|rule|Item Clause: Limit 1 of each item\n|clearpoke\n|poke|p1|Golurk, L50|\n|poke|p1|Incineroar, L50, F|\n|poke|p1|Sneasler, L50, M|\n|poke|p1|Farigiraf, L50, M|\n|poke|p1|Torkoal, L50, M|\n|poke|p1|Venusaur, L50, M|\n|poke|p2|Victreebel, L50, F|\n|poke|p2|Charizard, L50, F|\n|poke|p2|Farigiraf, L50, F|\n|poke|p2|Raichu, L50, F|\n|poke|p2|Hydreigon, L50, M|\n|poke|p2|Aegislash, L50, M|\n|teampreview|4\n|inactive|Battle timer is ON: inactive players will automatically lose when time's up. (requested by Rand0mn4me)\n|inactive|lolgz has 60 seconds left.\n|\n|t:|1775888082\n|teamsize|p1|4\n|teamsize|p2|4\n|start\n|switch|p1a: Incineroar|Incineroar, L50, F|100/100\n|switch|p1b: Farigiraf|Farigiraf, L50, M|100/100\n|switch|p2a: Victreebel|Victreebel, L50, F|100/100\n|switch|p2b: Hydreigon|Hydreigon, L50, M|100/100\n|-ability|p1a: Incineroar|Intimidate|boost\n|-unboost|p2a: Victreebel|atk|1\n|-unboost|p2b: Hydreigon|atk|1\n|turn|1\n|\n|t:|1775888101\n|detailschange|p2a: Victreebel|Victreebel-Mega, L50, F\n|-mega|p2a: Victreebel|Victreebel|Victreebelite\n|move|p1a: Incineroar|Fake Out|p2a: Victreebel\n|-damage|p2a: Victreebel|88/100\n|move|p2b: Hydreigon|Tailwind|p2b: Hydreigon\n|-sidestart|p2: Rand0mn4me|move: Tailwind\n|cant|p2a: Victreebel|flinch\n|move|p1b: Farigiraf|Trick Room|p1b: Farigiraf\n|-fieldstart|move: Trick Room|[of] p1b: Farigiraf\n|\n|upkeep\n|turn|2\n|\n|t:|1775888125\n|move|p1b: Farigiraf|Psychic|p2a: Victreebel\n|-supereffective|p2a: Victreebel|1\n|-damage|p2a: Victreebel|10/100\n|move|p1a: Incineroar|Parting Shot|p2b: Hydreigon\n|-unboost|p2b: Hydreigon|atk|1\n|-unboost|p2b: Hydreigon|spa|1\n|inactive|lolgz has 30 seconds left.\n|inactive|lolgz has 20 seconds left.\n|\n|t:|1775888164\n|switch|p1a: Golurk|Golurk, L50|100/100|[from] Parting Shot\n|move|p2a: Victreebel|Encore|p1b: Farigiraf\n|-start|p1b: Farigiraf|Encore\n|move|p2b: Hydreigon|Dark Pulse|p1b: Farigiraf\n|-supereffective|p1b: Farigiraf|1\n|-damage|p1b: Farigiraf|45/100\n|-enditem|p1b: Farigiraf|Sitrus Berry|[eat]\n|-heal|p1b: Farigiraf|70/100|[from] item: Sitrus Berry\n|\n|upkeep\n|turn|3\n|\n|t:|1775888178\n|detailschange|p1a: Golurk|Golurk-Mega, L50\n|-mega|p1a: Golurk|Golurk|Golurkite\n|move|p2b: Hydreigon|Protect|p2b: Hydreigon\n|-singleturn|p2b: Hydreigon|Protect\n|move|p1b: Farigiraf|Psychic|p2a: Victreebel\n|-supereffective|p2a: Victreebel|1\n|-damage|p2a: Victreebel|0 fnt\n|-damage|p1b: Farigiraf|62/100|[from] ability: Innards Out|[of] p2a: Victreebel\n|faint|p2a: Victreebel\n|move|p1a: Golurk|Ice Punch|p2b: Hydreigon\n|-supereffective|p2b: Hydreigon|1\n|-damage|p2b: Hydreigon|85/100\n|\n|upkeep\n|-message|Rand0mn4me forfeited.\n|\n|win|lolgz\n|raw|lolgz's rating: 1134 &rarr; <strong>1155</strong><br />(+21 for winning)\n|raw|Rand0mn4me's rating: 1077 &rarr; <strong>1059</strong><br />(-18 for losing)\n",
  "uploadtime": 1775888192,
  "views": 11,
  "formatid": "gen9championsvgc2026regma",
  "rating": 1059,
  "private": 0,
  "password": null
}