{
  "id": "gen9championsvgc2026regma-2583560944",
  "format": "[Gen 9 Champions] VGC 2026 Reg M-A",
  "players": [
    "darklink1215",
    "N9VE"
  ],
  "log": "|j|\u2606darklink1215\n|j|\u2606N9VE\n|t:|1776183383\n|gametype|doubles\n|player|p1|darklink1215|cyrus|1014\n|player|p2|N9VE|ghetsis-gen5bw|1000\n|gen|9\n|tier|[Gen 9 Champions] VGC 2026 Reg M-A\n|rated|\n|rule|Species Clause: Limit one of each Pok\u00e9mon\n|rule|Item Clause: Limit 1 of each item\n|clearpoke\n|poke|p1|Aggron, L50, M|\n|poke|p1|Incineroar, L50, M|\n|poke|p1|Rotom-Wash, L50|\n|poke|p1|Sneasler, L50, M|\n|poke|p1|Aerodactyl, L50, M|\n|poke|p1|Delphox, L50, M|\n|poke|p2|Talonflame, L50, F|\n|poke|p2|Incineroar, L50, M|\n|poke|p2|Scizor, L50, F|\n|poke|p2|Clefable, L50, F|\n|poke|p2|Palafin, L50, M|\n|poke|p2|Feraligatr, L50, M|\n|teampreview|4\n|\n|t:|1776183417\n|teamsize|p1|4\n|teamsize|p2|4\n|start\n|switch|p1a: KyKiske|Aggron, L50, M, shiny|100/100\n|switch|p1b: Le Washer|Rotom-Wash, L50, shiny|100/100\n|switch|p2a: Talonflame|Talonflame, L50, F|100/100\n|switch|p2b: Palafin|Palafin, L50, M|100/100\n|turn|1\n|\n|t:|1776183437\n|detailschange|p1a: KyKiske|Aggron-Mega, L50, M, shiny\n|-mega|p1a: KyKiske|Aggron|Aggronite\n|move|p2b: Palafin|Flip Turn|p1a: KyKiske\n|-damage|p1a: KyKiske|90/100\n|\n|t:|1776183443\n|detailschange|p2b: Palafin|Palafin-Hero, L50, M\n|switch|p2b: Incineroar|Incineroar, L50, M|100/100|[from] Flip Turn\n|-ability|p2b: Incineroar|Intimidate|boost\n|-unboost|p1a: KyKiske|atk|1\n|-unboost|p1b: Le Washer|atk|1\n|move|p2a: Talonflame|Tailwind|p2a: Talonflame\n|-sidestart|p2: N9VE|move: Tailwind\n|move|p1b: Le Washer|Electroweb|p2b: Incineroar|[spread] p2a,p2b\n|-supereffective|p2a: Talonflame|1\n|-damage|p2a: Talonflame|54/100\n|-damage|p2b: Incineroar|85/100\n|-unboost|p2a: Talonflame|spe|1\n|-unboost|p2b: Incineroar|spe|1\n|move|p1a: KyKiske|Iron Defense|p1a: KyKiske\n|-boost|p1a: KyKiske|def|2\n|\n|-heal|p2b: Incineroar|91/100|[from] item: Leftovers\n|upkeep\n|turn|2\n|\n|t:|1776183474\n|move|p2a: Talonflame|Fire Blast|p1a: KyKiske\n|-supereffective|p1a: KyKiske|1\n|-damage|p1a: KyKiske|41/100\n|move|p1b: Le Washer|Volt Switch|p2a: Talonflame\n|-supereffective|p2a: Talonflame|1\n|-damage|p2a: Talonflame|0 fnt\n|faint|p2a: Talonflame\n|\n|t:|1776183484\n|switch|p1b: OrangeTiger|Incineroar, L50, M, shiny|100/100|[from] Volt Switch\n|-ability|p1b: OrangeTiger|Intimidate|boost\n|-unboost|p2b: Incineroar|atk|1\n|move|p2b: Incineroar|Flare Blitz|p1a: KyKiske\n|-supereffective|p1a: KyKiske|1\n|-damage|p1a: KyKiske|29/100\n|-damage|p2b: Incineroar|88/100|[from] Recoil\n|move|p1a: KyKiske|Iron Defense|p1a: KyKiske\n|-boost|p1a: KyKiske|def|2\n|\n|-heal|p2b: Incineroar|94/100|[from] item: Leftovers\n|upkeep\n|\n|t:|1776183497\n|switch|p2a: Palafin|Palafin-Hero, L50, M|100/100\n|-activate|p2a: Palafin|ability: Zero to Hero\n|turn|3\n|\n|t:|1776183525\n|move|p1b: OrangeTiger|Fake Out|p2a: Palafin\n|-damage|p2a: Palafin|88/100\n|cant|p2a: Palafin|flinch\n|move|p2b: Incineroar|Parting Shot|p1b: OrangeTiger\n|-unboost|p1b: OrangeTiger|atk|1\n|-unboost|p1b: OrangeTiger|spa|1\n|\n|t:|1776183533\n|switch|p2b: Feraligatr|Feraligatr, L50, M|100/100|[from] Parting Shot\n|move|p1a: KyKiske|Rest|p1a: KyKiske\n|-status|p1a: KyKiske|slp|[from] move: Rest\n|-heal|p1a: KyKiske|100/100 slp|[silent]\n|\n|upkeep\n|turn|4\n|\n|t:|1776183559\n|detailschange|p2b: Feraligatr|Feraligatr-Mega, L50, M\n|-mega|p2b: Feraligatr|Feraligatr|Feraligite\n|move|p2a: Palafin|Close Combat|p1a: KyKiske\n|-supereffective|p1a: KyKiske|1\n|-damage|p1a: KyKiske|88/100 slp\n|-unboost|p2a: Palafin|def|1\n|-unboost|p2a: Palafin|spd|1\n|move|p2b: Feraligatr|Dragon Dance|p2b: Feraligatr\n|-boost|p2b: Feraligatr|atk|1\n|-boost|p2b: Feraligatr|spe|1\n|move|p1b: OrangeTiger|Parting Shot|p2b: Feraligatr\n|-unboost|p2b: Feraligatr|atk|1\n|-unboost|p2b: Feraligatr|spa|1\n|\n|t:|1776183584\n|switch|p1b: Le Washer|Rotom-Wash, L50, shiny|100/100|[from] Parting Shot\n|cant|p1a: KyKiske|slp\n|move|p1a: KyKiske|Sleep Talk|p1a: KyKiske\n|move|p1a: KyKiske|Body Press|p2b: Feraligatr|[from] move: Sleep Talk\n|-damage|p2b: Feraligatr|0 fnt\n|faint|p2b: Feraligatr\n|\n|-sideend|p2: N9VE|move: Tailwind\n|upkeep\n|-message|N9VE forfeited.\n|\n|win|darklink1215\n|raw|darklink1215's rating: 1014 &rarr; <strong>1050</strong><br />(+36 for winning)\n|raw|N9VE's rating: 1000 &rarr; <strong>1000</strong><br />(+0 for losing)\n|l|\u2606N9VE\n|player|p2|\n",
  "uploadtime": 1776183596,
  "views": 23,
  "formatid": "gen9championsvgc2026regma",
  "rating": 1000,
  "private": 0,
  "password": null
}