{
  "id": "gen9championsvgc2026regma-2580416999",
  "format": "[Gen 9 Champions] VGC 2026 Reg M-A",
  "players": [
    "thepwr",
    "asfasfdasd"
  ],
  "log": "|j|\u2606thepwr\n|j|\u2606asfasfdasd\n|t:|1775893311\n|gametype|doubles\n|player|p1|thepwr|guzma|1019\n|player|p2|asfasfdasd|cynthia|1022\n|gen|9\n|tier|[Gen 9 Champions] VGC 2026 Reg M-A\n|rated|\n|rule|Species Clause: Limit one of each Pok\u00e9mon\n|rule|Item Clause: Limit 1 of each item\n|clearpoke\n|poke|p1|Incineroar, L50, M|\n|poke|p1|Gengar, L50, F|\n|poke|p1|Sinistcha, L50|\n|poke|p1|Kingambit, L50, F|\n|poke|p1|Tyranitar, L50, M|\n|poke|p1|Kommo-o, L50, F|\n|poke|p2|Tauros-Paldea-Aqua, L50, M|\n|poke|p2|Froslass, L50, F|\n|poke|p2|Talonflame, L50, M|\n|poke|p2|Incineroar, L50, M|\n|poke|p2|Farigiraf, L50, M|\n|teampreview|4\n|inactive|Battle timer is ON: inactive players will automatically lose when time's up. (requested by thepwr)\n|inactive|asfasfdasd also wants the timer to be on.\n|\n|t:|1775893337\n|teamsize|p1|4\n|teamsize|p2|4\n|start\n|switch|p1a: Kingambit|Kingambit, L50, F|100/100\n|switch|p1b: Gengar|Gengar, L50, F|100/100\n|switch|p2a: Froslass|Froslass, L50, F|100/100\n|switch|p2b: Tauros|Tauros-Paldea-Aqua, L50, M|100/100\n|turn|1\n|\n|t:|1775893357\n|switch|p1a: Incineroar|Incineroar, L50, M|100/100\n|-ability|p1a: Incineroar|Intimidate|boost\n|-unboost|p2a: Froslass|atk|1\n|-unboost|p2b: Tauros|atk|1\n|detailschange|p2a: Froslass|Froslass-Mega, L50, F\n|-mega|p2a: Froslass|Froslass|Froslassite\n|-weather|Snowscape|[from] ability: Snow Warning|[of] p2a: Froslass\n|detailschange|p1b: Gengar|Gengar-Mega, L50, F\n|-mega|p1b: Gengar|Gengar|Gengarite\n|move|p1b: Gengar|Shadow Ball|p2a: Froslass\n|-supereffective|p2a: Froslass|1\n|-damage|p2a: Froslass|1/100\n|move|p2a: Froslass|Frost Breath|p2b: Tauros\n|-resisted|p2b: Tauros|1\n|-crit|p2b: Tauros\n|-damage|p2b: Tauros|59/100\n|-setboost|p2b: Tauros|atk|6|[from] ability: Anger Point\n|move|p2b: Tauros|Rock Slide|p1a: Incineroar|[spread] p1a\n|-miss|p2b: Tauros|p1b: Gengar\n|-supereffective|p1a: Incineroar|1\n|-damage|p1a: Incineroar|0 fnt\n|faint|p1a: Incineroar\n|\n|-weather|Snowscape|[upkeep]\n|upkeep\n|inactive|thepwr has 30 seconds left.\n|inactive|thepwr has 20 seconds left.\n|inactive|thepwr has 15 seconds left.\n|\n|t:|1775893397\n|switch|p1a: Tyranitar|Tyranitar, L50, M|100/100\n|-weather|Sandstorm|[from] ability: Sand Stream|[of] p1a: Tyranitar\n|turn|2\n|inactive|thepwr has 30 seconds left.\n|inactive|asfasfdasd has 30 seconds left.\n|inactive|thepwr has 20 seconds left.\n|inactive|asfasfdasd has 20 seconds left.\n|inactive|asfasfdasd has 15 seconds left.\n|\n|t:|1775893439\n|switch|p2a: Farigiraf|Farigiraf, L50, M|100/100\n|move|p2b: Tauros|Aqua Jet|p1b: Gengar\n|-damage|p1b: Gengar|12/100\n|move|p1b: Gengar|Shadow Ball|p2b: Tauros\n|-damage|p2b: Tauros|0 fnt\n|faint|p2b: Tauros\n|move|p1a: Tyranitar|Rock Slide|p2a: Farigiraf\n|-damage|p2a: Farigiraf|72/100\n|\n|-weather|Sandstorm|[upkeep]\n|-damage|p1b: Gengar|6/100|[from] Sandstorm\n|-damage|p2a: Farigiraf|66/100|[from] Sandstorm\n|upkeep\n|\n|t:|1775893453\n|switch|p2b: Talonflame|Talonflame, L50, M|100/100\n|turn|3\n|\n|t:|1775893477\n|switch|p1b: Kingambit|Kingambit, L50, F|100/100\n|move|p2b: Talonflame|Acrobatics|p1b: Kingambit\n|-resisted|p1b: Kingambit|1\n|-damage|p1b: Kingambit|86/100\n|move|p1a: Tyranitar|Rock Slide|p2b: Talonflame|[spread] p2a,p2b\n|-supereffective|p2b: Talonflame|2\n|-damage|p2a: Farigiraf|45/100\n|-damage|p2b: Talonflame|0 fnt\n|-enditem|p2a: Farigiraf|Sitrus Berry|[eat]\n|-heal|p2a: Farigiraf|69/100|[from] item: Sitrus Berry\n|faint|p2b: Talonflame\n|cant|p2a: Farigiraf|flinch\n|\n|-weather|Sandstorm|[upkeep]\n|-damage|p2a: Farigiraf|63/100|[from] Sandstorm\n|upkeep\n|\n|t:|1775893480\n|switch|p2b: Froslass|Froslass-Mega, L50, F|1/100\n|-weather|Snowscape|[from] ability: Snow Warning|[of] p2b: Froslass\n|turn|4\n|-message|asfasfdasd forfeited.\n|\n|win|thepwr\n|raw|thepwr's rating: 1019 &rarr; <strong>1056</strong><br />(+37 for winning)\n|raw|asfasfdasd's rating: 1022 &rarr; <strong>1009</strong><br />(-13 for losing)\n|l|\u2606asfasfdasd\n|player|p2|\n",
  "uploadtime": 1775893499,
  "views": 21,
  "formatid": "gen9championsvgc2026regma",
  "rating": 1009,
  "private": 0,
  "password": null
}