{
  "id": "gen9championsvgc2026regma-2588613115",
  "format": "[Gen 9 Champions] VGC 2026 Reg M-A",
  "players": [
    "papachatis",
    "sdlt 2krl coolguy"
  ],
  "log": "|raw|<div class=\"broadcast-blue\"><strong>This battle is required to be public due to a player having a name starting with 'sdlt'.</div>\n|j|\u2606papachatis\n|j|\u2606sdlt 2krl coolguy\n|t:|1776650127\n|gametype|doubles\n|player|p1|papachatis|galacticgruntf|1477\n|player|p2|sdlt 2krl coolguy|leon-masters2|1396\n|gen|9\n|tier|[Gen 9 Champions] VGC 2026 Reg M-A\n|rated|\n|rule|Species Clause: Limit one of each Pok\u00e9mon\n|rule|Item Clause: Limit 1 of each item\n|clearpoke\n|poke|p1|Tyranitar, L50, M|\n|poke|p1|Lycanroc, L50, M|\n|poke|p1|Samurott-Hisui, L50, F|\n|poke|p1|Sneasler, L50, F|\n|poke|p1|Garchomp, L50, F|\n|poke|p1|Sylveon, L50, M|\n|poke|p2|Floette-Eternal, L50, F|\n|poke|p2|Incineroar, L50, F|\n|poke|p2|Sinistcha, L50|\n|poke|p2|Garchomp, L50, F|\n|poke|p2|Sneasler, L50, M|\n|poke|p2|Kingambit, L50, M|\n|teampreview|4\n|inactive|Battle timer is ON: inactive players will automatically lose when time's up. (requested by sdlt 2krl coolguy)\n|\n|t:|1776650137\n|teamsize|p1|4\n|teamsize|p2|4\n|start\n|switch|p1a: Tyranitar|Tyranitar, L50, M|100/100\n|switch|p1b: Lycanroc|Lycanroc, L50, M|100/100\n|switch|p2a: Sinistcha|Sinistcha, L50|100/100\n|switch|p2b: Floette|Floette-Eternal, L50, F|100/100\n|-weather|Sandstorm|[from] ability: Sand Stream|[of] p1a: Tyranitar\n|turn|1\n|\n|t:|1776650158\n|switch|p2a: Incineroar|Incineroar, L50, F|100/100\n|-ability|p2a: Incineroar|Intimidate|boost\n|-unboost|p1a: Tyranitar|atk|1\n|-unboost|p1b: Lycanroc|atk|1\n|detailschange|p2b: Floette|Floette-Mega, L50, F\n|-mega|p2b: Floette|Floette|Floettite\n|-ability|p2b: Floette|Fairy Aura\n|detailschange|p1a: Tyranitar|Tyranitar-Mega, L50, M\n|-mega|p1a: Tyranitar|Tyranitar|Tyranitarite\n|move|p1b: Lycanroc|Rock Slide|p2a: Incineroar|[spread] p2a,p2b\n|-supereffective|p2a: Incineroar|1\n|-damage|p2a: Incineroar|73/100\n|-damage|p2b: Floette|82/100\n|move|p2b: Floette|Moonblast|p1a: Tyranitar\n|-supereffective|p1a: Tyranitar|1\n|-damage|p1a: Tyranitar|27/100\n|move|p1a: Tyranitar|Knock Off|p2a: Incineroar\n|-resisted|p2a: Incineroar|1\n|-damage|p2a: Incineroar|57/100\n|-enditem|p2a: Incineroar|Chople Berry|[from] move: Knock Off|[of] p1a: Tyranitar\n|\n|-weather|Sandstorm|[upkeep]\n|-damage|p2b: Floette|76/100|[from] Sandstorm\n|-damage|p2a: Incineroar|51/100|[from] Sandstorm\n|upkeep\n|turn|2\n|\n|t:|1776650180\n|move|p2a: Incineroar|Fake Out|p1b: Lycanroc\n|-resisted|p1b: Lycanroc|1\n|-damage|p1b: Lycanroc|92/100\n|cant|p1b: Lycanroc|flinch\n|move|p2b: Floette|Dazzling Gleam|p1a: Tyranitar|[spread] p1a,p1b\n|-supereffective|p1a: Tyranitar|1\n|-damage|p1a: Tyranitar|0 fnt\n|-damage|p1b: Lycanroc|41/100\n|faint|p1a: Tyranitar\n|\n|-weather|Sandstorm|[upkeep]\n|-damage|p2b: Floette|70/100|[from] Sandstorm\n|-damage|p2a: Incineroar|45/100|[from] Sandstorm\n|upkeep\n|inactive|papachatis has 30 seconds left.\n|inactive|papachatis has 20 seconds left.\n|\n|t:|1776650215\n|switch|p1a: Sneasler|Sneasler, L50, F|100/100\n|turn|3\n|\n|t:|1776650225\n|switch|p2a: Sinistcha|Sinistcha, L50|100/100\n|-heal|p2b: Floette|95/100|[from] ability: Hospitality|[of] p2a: Sinistcha\n|move|p2b: Floette|Protect|p2b: Floette\n|-singleturn|p2b: Floette|Protect\n|move|p1b: Lycanroc|Rock Slide|p2b: Floette|[spread] p2a\n|-activate|p2b: Floette|move: Protect\n|-damage|p2a: Sinistcha|85/100\n|move|p1a: Sneasler|Dire Claw|p2b: Floette\n|-activate|p2b: Floette|move: Protect\n|\n|-weather|Sandstorm|[upkeep]\n|-damage|p1a: Sneasler|95/100|[from] Sandstorm\n|-damage|p2b: Floette|89/100|[from] Sandstorm\n|-damage|p2a: Sinistcha|79/100|[from] Sandstorm\n|upkeep\n|turn|4\n|-message|papachatis forfeited.\n|\n|win|sdlt 2krl coolguy\n|raw|papachatis's rating: 1477 &rarr; <strong>1452</strong><br />(-25 for losing)\n|raw|sdlt 2krl coolguy's rating: 1396 &rarr; <strong>1421</strong><br />(+25 for winning)\n",
  "uploadtime": 1776650237,
  "views": 8,
  "formatid": "gen9championsvgc2026regma",
  "rating": 1421,
  "private": 0,
  "password": null
}