{
  "id": "gen9championsvgc2026regma-2582871150",
  "format": "[Gen 9 Champions] VGC 2026 Reg M-A",
  "players": [
    "L_Yami_H",
    "corek"
  ],
  "log": "|j|\u2606L_Yami_H\n|j|\u2606corek\n|t:|1776120769\n|gametype|doubles\n|player|p1|L_Yami_H|ghetsis|1232\n|player|p2|corek|lucas|1140\n|gen|9\n|tier|[Gen 9 Champions] VGC 2026 Reg M-A\n|rated|\n|rule|Species Clause: Limit one of each Pok\u00e9mon\n|rule|Item Clause: Limit 1 of each item\n|clearpoke\n|poke|p1|Sableye, L50, M|\n|poke|p1|Victreebel, L50, F|\n|poke|p1|Araquanid, L50, F|\n|poke|p1|Wyrdeer, L50, M|\n|poke|p1|Torkoal, L50, M|\n|poke|p1|Kingambit, L50, M|\n|poke|p2|Armarouge, L50, M|\n|poke|p2|Starmie, L50|\n|poke|p2|Scizor, L50, M|\n|poke|p2|Lucario, L50, M|\n|poke|p2|Meowscarada, L50, F|\n|poke|p2|Infernape, L50, M|\n|teampreview|4\nL_Yami_H has agreed to open team sheets.\n|inactive|Battle timer is ON: inactive players will automatically lose when time's up. (requested by corek)\n|inactive|L_Yami_H has 60 seconds left.\n|\n|t:|1776120843\n|teamsize|p1|4\n|teamsize|p2|4\n|start\n|switch|p1a: Stoick|Wyrdeer, L50, M|100/100\n|switch|p1b: Weeber|Araquanid, L50, F|100/100\n|switch|p2a: Starmie|Starmie, L50|100/100\n|switch|p2b: Scizor|Scizor, L50, M|100/100\n|-ability|p1a: Stoick|Intimidate|boost\n|-unboost|p2a: Starmie|atk|1\n|-unboost|p2b: Scizor|atk|1\n|turn|1\n|\n|t:|1776120868\n|detailschange|p2a: Starmie|Starmie-Mega, L50\n|-mega|p2a: Starmie|Starmie|Starminite\n|move|p2a: Starmie|Self-Destruct|p1a: Stoick|[spread] p2b,p1a,p1b\n|-resisted|p2b: Scizor|1\n|-damage|p2b: Scizor|73/100\n|-damage|p1a: Stoick|42/100\n|-damage|p1b: Weeber|36/100\n|-enditem|p1a: Stoick|Sitrus Berry|[eat]\n|-heal|p1a: Stoick|67/100|[from] item: Sitrus Berry\n|faint|p2a: Starmie\n|move|p2b: Scizor|Swords Dance|p2b: Scizor\n|-boost|p2b: Scizor|atk|2\n|move|p1b: Weeber|Liquidation|p2b: Scizor\n|-damage|p2b: Scizor|3/100\n|move|p1a: Stoick|Trick Room|p1a: Stoick\n|-fieldstart|move: Trick Room|[of] p1a: Stoick\n|\n|-heal|p1b: Weeber|42/100|[from] item: Leftovers\n|upkeep\n|\n|t:|1776120888\n|switch|p2a: Lucario|Lucario, L50, M|100/100\n|turn|2\n|\n|t:|1776120903\n|move|p2b: Scizor|Bullet Punch|p1b: Weeber\n|-resisted|p1b: Weeber|1\n|-damage|p1b: Weeber|12/100\n|move|p1b: Weeber|Liquidation|p2a: Lucario\n|-enditem|p2a: Lucario|Focus Sash\n|-damage|p2a: Lucario|1/100\n|move|p1a: Stoick|Earth Power|p2b: Scizor\n|-damage|p2b: Scizor|0 fnt\n|faint|p2b: Scizor\n|move|p2a: Lucario|Thunder Punch|p1b: Weeber\n|-supereffective|p1b: Weeber|1\n|-damage|p1b: Weeber|0 fnt\n|faint|p1b: Weeber\n|\n|upkeep\n|\n|t:|1776120919\n|switch|p1b: Krakatoa|Torkoal, L50, M|100/100\n|switch|p2b: Infernape|Infernape, L50, M|100/100\n|-weather|SunnyDay|[from] ability: Drought|[of] p1b: Krakatoa\n|turn|3\n|\n|t:|1776120941\n|move|p1b: Krakatoa|Protect|p1b: Krakatoa\n|-singleturn|p1b: Krakatoa|Protect\n|move|p1a: Stoick|Earth Power|p2a: Lucario\n|-supereffective|p2a: Lucario|1\n|-damage|p2a: Lucario|0 fnt\n|faint|p2a: Lucario\n|move|p2b: Infernape|Earthquake|p1b: Krakatoa|[spread] p1a\n|-activate|p1b: Krakatoa|move: Protect\n|-damage|p1a: Stoick|44/100\n|\n|-weather|SunnyDay|[upkeep]\n|upkeep\n|turn|4\n|\n|t:|1776120955\n|move|p1b: Krakatoa|Earth Power|p2b: Infernape\n|-supereffective|p2b: Infernape|1\n|-damage|p2b: Infernape|33/100\n|move|p1a: Stoick|Earth Power|p2b: Infernape\n|-supereffective|p2b: Infernape|1\n|-damage|p2b: Infernape|0 fnt\n|faint|p2b: Infernape\n|\n|win|L_Yami_H\n|raw|L_Yami_H's rating: 1232 &rarr; <strong>1251</strong><br />(+19 for winning)\n|raw|corek's rating: 1140 &rarr; <strong>1121</strong><br />(-19 for losing)\n",
  "uploadtime": 1776120959,
  "views": 23,
  "formatid": "gen9championsvgc2026regma",
  "rating": 1121,
  "private": 0,
  "password": null
}