{
  "id": "gen9championsvgc2026regma-2587991395",
  "format": "[Gen 9 Champions] VGC 2026 Reg M-A",
  "players": [
    "Soggy4047",
    "Flakenz"
  ],
  "log": "|j|\u2606Soggy4047\n|j|\u2606Flakenz\n|t:|1776589757\n|gametype|doubles\n|player|p1|Soggy4047|cynthia-gen4|1375\n|player|p2|Flakenz|boarder|1434\n|gen|9\n|tier|[Gen 9 Champions] VGC 2026 Reg M-A\n|rated|\n|rule|Species Clause: Limit one of each Pok\u00e9mon\n|rule|Item Clause: Limit 1 of each item\n|clearpoke\n|poke|p1|Aerodactyl, L50, M|\n|poke|p1|Basculegion, L50, M|\n|poke|p1|Sneasler, L50, F|\n|poke|p1|Floette-Eternal, L50, F|\n|poke|p1|Maushold, L50|\n|poke|p1|Kingambit, L50, M|\n|poke|p2|Gengar, L50, M|\n|poke|p2|Kingambit, L50, M|\n|poke|p2|Talonflame, L50, F, shiny|\n|poke|p2|Blastoise, L50, M|\n|poke|p2|Sinistcha, L50|\n|poke|p2|Arcanine-Hisui, L50, F|\n|teampreview|4\n|\n|t:|1776589793\n|teamsize|p1|4\n|teamsize|p2|4\n|start\n|switch|p1a: Maushold|Maushold, L50|100/100\n|switch|p1b: Floette|Floette-Eternal, L50, F|100/100\n|switch|p2a: Gengar|Gengar, L50, M|100/100\n|switch|p2b: Blastoise|Blastoise, L50, M|100/100\n|turn|1\n|\n|t:|1776589823\n|detailschange|p2b: Blastoise|Blastoise-Mega, L50, M\n|-mega|p2b: Blastoise|Blastoise|Blastoisinite\n|detailschange|p1b: Floette|Floette-Mega, L50, F\n|-mega|p1b: Floette|Floette|Floettite\n|-ability|p1b: Floette|Fairy Aura\n|move|p1b: Floette|Protect|p1b: Floette\n|-singleturn|p1b: Floette|Protect\n|move|p2a: Gengar|Icy Wind|p1b: Floette|[spread] p1a\n|-activate|p1b: Floette|move: Protect\n|-damage|p1a: Maushold|81/100\n|-unboost|p1a: Maushold|spe|1\n|move|p2b: Blastoise|Water Spout|p1b: Floette|[spread] p1a\n|-activate|p1b: Floette|move: Protect\n|-damage|p1a: Maushold|1/100\n|move|p1a: Maushold|Taunt|p2a: Gengar\n|-start|p2a: Gengar|move: Taunt\n|\n|upkeep\n|turn|2\n|\n|t:|1776589857\n|move|p1a: Maushold|Follow Me|p1a: Maushold\n|-singleturn|p1a: Maushold|move: Follow Me\n|move|p2a: Gengar|Icy Wind|p1a: Maushold|[spread] p1a,p1b\n|-damage|p1a: Maushold|0 fnt\n|-damage|p1b: Floette|93/100\n|-unboost|p1b: Floette|spe|1\n|faint|p1a: Maushold\n|move|p2b: Blastoise|Water Spout|p1b: Floette\n|-damage|p1b: Floette|29/100\n|move|p1b: Floette|Light of Ruin|p2b: Blastoise\n|-damage|p2b: Blastoise|0 fnt\n|faint|p2b: Blastoise\n|-damage|p1b: Floette|0 fnt|[from] Recoil\n|faint|p1b: Floette\n|\n|upkeep\n|\n|t:|1776589875\n|switch|p1a: Basculegion|Basculegion, L50, M|100/100\n|switch|p1b: Kingambit|Kingambit, L50, M|100/100\n|switch|p2b: Kingambit|Kingambit, L50, M|100/100\n|turn|3\n|\n|t:|1776589890\n|switch|p2a: Arcanine|Arcanine-Hisui, L50, F|100/100\n|-ability|p2a: Arcanine|Intimidate|boost\n|-unboost|p1a: Basculegion|atk|1\n|-unboost|p1b: Kingambit|atk|1\n|-ability|p1b: Kingambit|Defiant|boost\n|-boost|p1b: Kingambit|atk|2\n|move|p1a: Basculegion|Last Respects|p2a: Arcanine\n|-damage|p2a: Arcanine|20/100\n|move|p2b: Kingambit|Low Kick|p1b: Kingambit\n|-supereffective|p1b: Kingambit|2\n|-damage|p1b: Kingambit|0 fnt\n|faint|p1b: Kingambit\n|\n|upkeep\n|turn|4\n|\n|t:|1776589907\n|move|p2a: Arcanine|Protect|p2a: Arcanine\n|-singleturn|p2a: Arcanine|Protect\n|move|p2b: Kingambit|Sucker Punch|p1a: Basculegion\n|-supereffective|p1a: Basculegion|1\n|-crit|p1a: Basculegion\n|-damage|p1a: Basculegion|0 fnt\n|faint|p1a: Basculegion\n|\n|win|Flakenz\n|raw|Soggy4047's rating: 1375 &rarr; <strong>1358</strong><br />(-17 for losing)\n|raw|Flakenz's rating: 1434 &rarr; <strong>1451</strong><br />(+17 for winning)\n",
  "uploadtime": 1776589907,
  "views": 22,
  "formatid": "gen9championsvgc2026regma",
  "rating": 1358,
  "private": 0,
  "password": null
}