{
  "id": "gen9championsvgc2026regma-2587274507",
  "format": "[Gen 9 Champions] VGC 2026 Reg M-A",
  "players": [
    "Chibronlaser",
    "henitusec"
  ],
  "log": "|j|\u2606Chibronlaser\n|j|\u2606henitusec\n|t:|1776517184\n|gametype|doubles\n|player|p1|Chibronlaser|2|1045\n|player|p2|henitusec|steven-masters|1120\n|gen|9\n|tier|[Gen 9 Champions] VGC 2026 Reg M-A\n|rated|\n|rule|Species Clause: Limit one of each Pok\u00e9mon\n|rule|Item Clause: Limit 1 of each item\n|clearpoke\n|poke|p1|Polteageist, L50|\n|poke|p1|Slowbro, L50, F|\n|poke|p1|Clefable, L50, F|\n|poke|p1|Sinistcha, L50|\n|poke|p1|Incineroar, L50, M|\n|poke|p1|Meowscarada, L50, F|\n|poke|p2|Froslass, L50, F|\n|poke|p2|Garchomp, L50, F|\n|poke|p2|Rotom-Frost, L50|\n|poke|p2|Empoleon, L50, F|\n|poke|p2|Incineroar, L50, F|\n|poke|p2|Kingambit, L50, F|\n|teampreview|4\n|inactive|Battle timer is ON: inactive players will automatically lose when time's up. (requested by henitusec)\n|\n|t:|1776517204\n|teamsize|p1|4\n|teamsize|p2|4\n|start\n|switch|p1a: Polteageist|Polteageist, L50|100/100\n|switch|p1b: Clefable|Clefable, L50, F|100/100\n|switch|p2a: Froslass|Froslass, L50, F|100/100\n|switch|p2b: Rotom|Rotom-Frost, L50|100/100\n|turn|1\n|inactive|Chibronlaser has 30 seconds left.\n|inactive|Chibronlaser has 20 seconds left.\n|\n|t:|1776517248\n|detailschange|p2a: Froslass|Froslass-Mega, L50, F\n|-mega|p2a: Froslass|Froslass|Froslassite\n|-weather|Snowscape|[from] ability: Snow Warning|[of] p2a: Froslass\n|move|p2b: Rotom|Blizzard|p1b: Clefable|[spread] p1a,p1b\n|-damage|p1a: Polteageist|58/100\n|-damage|p1b: Clefable|71/100\n|move|p2a: Froslass|Aurora Veil|p2a: Froslass\n|-sidestart|p2: henitusec|move: Aurora Veil\n|move|p1a: Polteageist|Shell Smash|p1a: Polteageist\n|-unboost|p1a: Polteageist|def|1\n|-unboost|p1a: Polteageist|spd|1\n|-boost|p1a: Polteageist|atk|2\n|-boost|p1a: Polteageist|spa|2\n|-boost|p1a: Polteageist|spe|2\n|move|p1b: Clefable|Heal Pulse|p1a: Polteageist\n|-heal|p1a: Polteageist|100/100\n|\n|-weather|Snowscape|[upkeep]\n|upkeep\n|turn|2\n|inactive|Chibronlaser has 30 seconds left.\n|inactive|Chibronlaser has 20 seconds left.\n|inactive|Chibronlaser has 15 seconds left.\n|inactive|Chibronlaser has 10 seconds left.\n|\n|t:|1776517297\n|move|p1a: Polteageist|Calm Mind|p1a: Polteageist\n|-boost|p1a: Polteageist|spa|1\n|-boost|p1a: Polteageist|spd|1\n|move|p2b: Rotom|Blizzard|p1a: Polteageist|[spread] p1a,p1b\n|-damage|p1a: Polteageist|56/100\n|-damage|p1b: Clefable|39/100\n|-enditem|p1b: Clefable|Sitrus Berry|[eat]\n|-heal|p1b: Clefable|64/100|[from] item: Sitrus Berry\n|move|p2a: Froslass|Shadow Ball|p1a: Polteageist\n|-supereffective|p1a: Polteageist|1\n|-damage|p1a: Polteageist|0 fnt\n|faint|p1a: Polteageist\n|move|p1b: Clefable|Fake Tears|p2a: Froslass\n|-unboost|p2a: Froslass|spd|2\n|\n|-weather|Snowscape|[upkeep]\n|upkeep\n|\n|t:|1776517313\n|switch|p1a: Slowbro|Slowbro, L50, F|100/100\n|turn|3\n|\n|t:|1776517322\n|detailschange|p1a: Slowbro|Slowbro-Mega, L50, F\n|-mega|p1a: Slowbro|Slowbro|Slowbronite\n|move|p2b: Rotom|Blizzard|p1a: Slowbro|[spread] p1a,p1b\n|-resisted|p1a: Slowbro|1\n|-damage|p1a: Slowbro|88/100\n|-damage|p1b: Clefable|34/100\n|move|p2a: Froslass|Shadow Ball|p1a: Slowbro\n|-supereffective|p1a: Slowbro|1\n|-damage|p1a: Slowbro|13/100\n|move|p1b: Clefable|Moonblast|p2a: Froslass\n|-damage|p2a: Froslass|52/100\n|move|p1a: Slowbro|Calm Mind|p1a: Slowbro\n|-boost|p1a: Slowbro|spa|1\n|-boost|p1a: Slowbro|spd|1\n|\n|-weather|Snowscape|[upkeep]\n|upkeep\n|turn|4\n|\n|t:|1776517343\n|move|p2b: Rotom|Blizzard|p1b: Clefable|[spread] p1a,p1b\n|-resisted|p1a: Slowbro|1\n|-damage|p1a: Slowbro|3/100\n|-damage|p1b: Clefable|0 fnt\n|faint|p1b: Clefable\n|move|p2a: Froslass|Blizzard|p1a: Slowbro\n|-resisted|p1a: Slowbro|1\n|-damage|p1a: Slowbro|0 fnt\n|faint|p1a: Slowbro\n|\n|-weather|Snowscape|[upkeep]\n|upkeep\n|-message|Chibronlaser forfeited.\n|\n|win|henitusec\n|raw|Chibronlaser's rating: 1045 &rarr; <strong>1032</strong><br />(-13 for losing)\n|raw|henitusec's rating: 1120 &rarr; <strong>1140</strong><br />(+20 for winning)\n|l|\u2606Chibronlaser\n|player|p1|\n",
  "uploadtime": 1776517354,
  "views": 16,
  "formatid": "gen9championsvgc2026regma",
  "rating": 1032,
  "private": 0,
  "password": null
}