{
  "id": "gen9championsvgc2026regma-2585133095",
  "format": "[Gen 9 Champions] VGC 2026 Reg M-A",
  "players": [
    "TestingE10",
    "Senpai_1987"
  ],
  "log": "|j|\u2606TestingE10\n|j|\u2606Senpai_1987\n|t:|1776315726\n|gametype|doubles\n|player|p1|TestingE10|2|1337\n|player|p2|Senpai_1987|aromalady|1441\n|gen|9\n|tier|[Gen 9 Champions] VGC 2026 Reg M-A\n|rated|\n|rule|Species Clause: Limit one of each Pok\u00e9mon\n|rule|Item Clause: Limit 1 of each item\n|clearpoke\n|poke|p1|Kingambit, L50, F|\n|poke|p1|Kangaskhan, L50, F|\n|poke|p1|Blastoise, L50, M|\n|poke|p1|Sinistcha, L50|\n|poke|p1|Aerodactyl, L50, F|\n|poke|p1|Farigiraf, L50, M|\n|poke|p2|Pelipper, L50, M|\n|poke|p2|Basculegion, L50, M|\n|poke|p2|Archaludon, L50, F|\n|poke|p2|Feraligatr, L50, F|\n|poke|p2|Scizor, L50, F|\n|poke|p2|Incineroar, L50, M|\n|teampreview|4\n|inactive|Battle timer is ON: inactive players will automatically lose when time's up. (requested by TestingE10)\n|\n|t:|1776315766\n|teamsize|p1|4\n|teamsize|p2|4\n|start\n|switch|p1a: Blastoise|Blastoise, L50, M|100/100\n|switch|p1b: Sinistcha|Sinistcha, L50|100/100\n|switch|p2a: The Log|Basculegion, L50, M, shiny|100/100\n|switch|p2b: The Sink|Archaludon, L50, F|100/100\n|turn|1\n|\n|t:|1776315781\n|switch|p1a: Kingambit|Kingambit, L50, F|100/100\n|move|p2a: The Log|Flip Turn|p1a: Kingambit\n|-damage|p1a: Kingambit|67/100\n|\n|t:|1776315787\n|switch|p2a: The Bowl|Pelipper, L50, M|100/100|[from] Flip Turn\n|-weather|RainDance|[from] ability: Drizzle|[of] p2a: The Bowl\n|move|p2b: The Sink|Electro Shot||[still]\n|-prepare|p2b: The Sink|Electro Shot\n|-boost|p2b: The Sink|spa|1\n|-anim|p2b: The Sink|Electro Shot|p1a: Kingambit\n|-damage|p1a: Kingambit|0 fnt\n|faint|p1a: Kingambit\n|move|p1b: Sinistcha|Trick Room|p1b: Sinistcha\n|-fieldstart|move: Trick Room|[of] p1b: Sinistcha\n|\n|-weather|RainDance|[upkeep]\n|upkeep\n|\n|t:|1776315798\n|switch|p1a: Blastoise|Blastoise, L50, M|100/100\n|turn|2\n|\n|t:|1776315803\n|detailschange|p1a: Blastoise|Blastoise-Mega, L50, M\n|-mega|p1a: Blastoise|Blastoise|Blastoisinite\n|move|p2a: The Bowl|Wide Guard|p2a: The Bowl\n|-singleturn|p2a: The Bowl|Wide Guard\n|move|p1b: Sinistcha|Rage Powder|p1b: Sinistcha\n|-singleturn|p1b: Sinistcha|move: Rage Powder\n|move|p1a: Blastoise|Water Spout|p2a: The Bowl|[spread] \n|-activate|p2a: The Bowl|move: Wide Guard\n|-activate|p2b: The Sink|move: Wide Guard\n|move|p2b: The Sink|Electro Shot||[still]\n|-prepare|p2b: The Sink|Electro Shot\n|-boost|p2b: The Sink|spa|1\n|-anim|p2b: The Sink|Electro Shot|p1a: Blastoise\n|-supereffective|p1a: Blastoise|1\n|-damage|p1a: Blastoise|0 fnt\n|faint|p1a: Blastoise\n|\n|-weather|RainDance|[upkeep]\n|upkeep\n|-message|TestingE10 forfeited.\n|\n|win|Senpai_1987\n|raw|TestingE10's rating: 1337 &rarr; <strong>1323</strong><br />(-14 for losing)\n|raw|Senpai_1987's rating: 1441 &rarr; <strong>1455</strong><br />(+14 for winning)\n|l|\u2606TestingE10\n|player|p1|\n",
  "uploadtime": 1776315815,
  "views": 45,
  "formatid": "gen9championsvgc2026regma",
  "rating": 1323,
  "private": 0,
  "password": null
}