{
  "id": "gen9championsvgc2026regma-2588114550",
  "format": "[Gen 9 Champions] VGC 2026 Reg M-A",
  "players": [
    "MvillMpersonality",
    "veberenaa"
  ],
  "log": "|j|\u2606MvillMpersonality\n|j|\u2606veberenaa\n|t:|1776605840\n|gametype|doubles\n|player|p1|MvillMpersonality|169|1124\n|player|p2|veberenaa|fisherman-gen4|1094\n|gen|9\n|tier|[Gen 9 Champions] VGC 2026 Reg M-A\n|rated|\n|rule|Species Clause: Limit one of each Pok\u00e9mon\n|rule|Item Clause: Limit 1 of each item\n|clearpoke\n|poke|p1|Scovillain, L50, M|\n|poke|p1|Sinistcha, L50|\n|poke|p1|Gallade, L50, M|\n|poke|p1|Kingambit, L50, M|\n|poke|p1|Rhyperior, L50, M|\n|poke|p1|Primarina, L50, F|\n|poke|p2|Glimmora, L50, F|\n|poke|p2|Corviknight, L50, F, shiny|\n|poke|p2|Volcarona, L50, F|\n|poke|p2|Garchomp, L50, F|\n|poke|p2|Gyarados, L50, M|\n|poke|p2|Ninetales-Alola, L50, M|\n|teampreview|4\n|c|\u2606MvillMpersonality|glhf\n|\n|t:|1776605884\n|teamsize|p1|4\n|teamsize|p2|4\n|start\n|switch|p1a: The Antagonist|Scovillain, L50, M|100/100\n|switch|p1b: The Beef|Rhyperior, L50, M|100/100\n|switch|p2a: Glimmora|Glimmora, L50, F|100/100\n|switch|p2b: Corviknight|Corviknight, L50, F, shiny|100/100\n|-ability|p2b: Corviknight|Pressure\n|turn|1\n|\n|t:|1776605912\n|detailschange|p1a: The Antagonist|Scovillain-Mega, L50, M\n|-mega|p1a: The Antagonist|Scovillain|Scovillainite\n|move|p2a: Glimmora|Spiky Shield|p2a: Glimmora\n|-singleturn|p2a: Glimmora|move: Protect\n|move|p2b: Corviknight|Iron Defense|p2b: Corviknight\n|-boost|p2b: Corviknight|def|2\n|move|p1a: The Antagonist|Overheat|p2b: Corviknight\n|-supereffective|p2b: Corviknight|1\n|-damage|p2b: Corviknight|0 fnt\n|-unboost|p1a: The Antagonist|spa|2\n|faint|p2b: Corviknight\n|move|p1b: The Beef|Swords Dance|p1b: The Beef\n|-boost|p1b: The Beef|atk|2\n|\n|upkeep\n|\n|t:|1776605926\n|switch|p2b: Garchomp|Garchomp, L50, F|100/100\n|turn|2\n|\n|t:|1776605948\n|move|p1a: The Antagonist|Rage Powder|p1a: The Antagonist\n|-singleturn|p1a: The Antagonist|move: Rage Powder\n|move|p2b: Garchomp|Rock Slide|p1b: The Beef|[spread] p1b\n|-miss|p2b: Garchomp|p1a: The Antagonist\n|-resisted|p1b: The Beef|1\n|-damage|p1b: The Beef|93/100\n|move|p2a: Glimmora|Power Gem|p1a: The Antagonist\n|-supereffective|p1a: The Antagonist|1\n|-damage|p1a: The Antagonist|26/100\n|-status|p2a: Glimmora|brn|[from] ability: Spicy Spray|[of] p1a: The Antagonist\n|move|p1b: The Beef|High Horsepower|p2a: Glimmora\n|-supereffective|p2a: Glimmora|2\n|-damage|p2a: Glimmora|0 fnt\n|-activate|p2a: Glimmora|ability: Toxic Debris\n|-sidestart|p1: MvillMpersonality|move: Toxic Spikes\n|faint|p2a: Glimmora\n|\n|upkeep\n|\n|t:|1776605964\n|switch|p2a: Ninetales|Ninetales-Alola, L50, M|100/100\n|-weather|Snowscape|[from] ability: Snow Warning|[of] p2a: Ninetales\n|turn|3\n|\n|t:|1776605986\n|move|p2b: Garchomp|Rock Slide|p1a: The Antagonist|[spread] p1a,p1b\n|-supereffective|p1a: The Antagonist|1\n|-resisted|p1b: The Beef|1\n|-damage|p1a: The Antagonist|0 fnt\n|-damage|p1b: The Beef|85/100\n|-status|p2b: Garchomp|brn|[from] ability: Spicy Spray|[of] p1a: The Antagonist\n|faint|p1a: The Antagonist\n|move|p2a: Ninetales|Blizzard|p1b: The Beef\n|-supereffective|p1b: The Beef|1\n|-damage|p1b: The Beef|33/100\n|move|p1b: The Beef|Rock Slide|p2b: Garchomp|[spread] p2a,p2b\n|-supereffective|p2a: Ninetales|1\n|-resisted|p2b: Garchomp|1\n|-enditem|p2a: Ninetales|Focus Sash\n|-damage|p2a: Ninetales|1/100\n|-damage|p2b: Garchomp|57/100 brn\n|\n|-weather|Snowscape|[upkeep]\n|-damage|p2b: Garchomp|51/100 brn|[from] brn\n|upkeep\n|\n|t:|1776606002\n|switch|p1a: Kingambit|Kingambit, L50, M|100/100\n|turn|4\n|\n|t:|1776606016\n|move|p1a: Kingambit|Sucker Punch|p2a: Ninetales\n|-resisted|p2a: Ninetales|1\n|-damage|p2a: Ninetales|0 fnt\n|faint|p2a: Ninetales\n|move|p2b: Garchomp|Rock Slide|p1b: The Beef|[spread] p1a,p1b\n|-resisted|p1a: Kingambit|1\n|-resisted|p1b: The Beef|1\n|-damage|p1a: Kingambit|97/100\n|-damage|p1b: The Beef|29/100\n|move|p1b: The Beef|Rock Slide|p2b: Garchomp\n|-resisted|p2b: Garchomp|1\n|-damage|p2b: Garchomp|0 fnt\n|faint|p2b: Garchomp\n|\n|win|MvillMpersonality\n|raw|MvillMpersonality's rating: 1124 &rarr; <strong>1147</strong><br />(+23 for winning)\n|raw|veberenaa's rating: 1094 &rarr; <strong>1072</strong><br />(-22 for losing)\n|l|\u2606veberenaa\n|player|p2|\n",
  "uploadtime": 1776606029,
  "views": 9,
  "formatid": "gen9championsvgc2026regma",
  "rating": 1072,
  "private": 0,
  "password": null
}