{
  "id": "gen9championsvgc2026regma-2587912686",
  "format": "[Gen 9 Champions] VGC 2026 Reg M-A",
  "players": [
    "michaelgscott",
    "Ulti_Z74"
  ],
  "log": "|j|\u2606michaelgscott\n|j|\u2606Ulti_Z74\n|t:|1776578136\n|gametype|doubles\n|player|p1|michaelgscott|veteran|1139\n|player|p2|Ulti_Z74|n|1103\n|gen|9\n|tier|[Gen 9 Champions] VGC 2026 Reg M-A\n|rated|\n|rule|Species Clause: Limit one of each Pok\u00e9mon\n|rule|Item Clause: Limit 1 of each item\n|clearpoke\n|poke|p1|Dragapult, L50, M|\n|poke|p1|Kingambit, L50, F|\n|poke|p1|Basculegion, L50, M|\n|poke|p1|Sneasler, L50, M|\n|poke|p1|Meganium, L50, M|\n|poke|p1|Zoroark-Hisui, L50, F|\n|poke|p2|Froslass, L50, F|\n|poke|p2|Dragonite, L50, F|\n|poke|p2|Sinistcha, L50|\n|poke|p2|Aegislash, L50, M, shiny|\n|poke|p2|Kleavor, L50, F|\n|poke|p2|Armarouge, L50, M|\n|teampreview|4\n|l|\u2606Ulti_Z74\n|player|p2|\n|inactive|Battle timer is ON: inactive players will automatically lose when time's up. (requested by michaelgscott)\n|j|\u2606Ulti_Z74\n|inactive|Ulti_Z74 reconnected and has 90 seconds left.\n|player|p2|Ulti_Z74|n|\n|l|\u2606Ulti_Z74\n|inactive|Ulti_Z74 disconnected and has a minute to reconnect!\n|player|p2|\n|j|\u2606Ulti_Z74\n|inactive|Ulti_Z74 reconnected and has 75 seconds left.\n|player|p2|Ulti_Z74|n|\n|\n|t:|1776578194\n|teamsize|p1|4\n|teamsize|p2|4\n|start\n|switch|p1a: Dragapult|Dragapult, L50, M|100/100\n|switch|p1b: Sneasler|Sneasler, L50, M|100/100\n|switch|p2a: Froslass|Froslass, L50, F|100/100\n|switch|p2b: Armarouge|Armarouge, L50, M|100/100\n|turn|1\n|\n|t:|1776578217\n|move|p2a: Froslass|Protect|p2a: Froslass\n|-singleturn|p2a: Froslass|Protect\n|move|p1a: Dragapult|Phantom Force||[still]\n|-prepare|p1a: Dragapult|Phantom Force\n|move|p1b: Sneasler|Bitter Malice|p2b: Armarouge\n|-supereffective|p2b: Armarouge|1\n|-damage|p2b: Armarouge|11/100\n|-unboost|p2b: Armarouge|atk|1\n|-enditem|p2b: Armarouge|Sitrus Berry|[eat]\n|-heal|p2b: Armarouge|36/100|[from] item: Sitrus Berry\n|move|p2b: Armarouge|Psychic|p1a: Dragapult|[miss]\n|-miss|p2b: Armarouge|p1a: Dragapult\n|\n|upkeep\n|turn|2\n|\n|t:|1776578239\n|detailschange|p2a: Froslass|Froslass-Mega, L50, F\n|-mega|p2a: Froslass|Froslass|Froslassite\n|-weather|Snowscape|[from] ability: Snow Warning|[of] p2a: Froslass\n|move|p1a: Dragapult|Phantom Force|p2a: Froslass|[from] lockedmove\n|-supereffective|p2a: Froslass|1\n|-damage|p2a: Froslass|11/100\n|move|p1b: Sneasler|Bitter Malice|p2b: Armarouge\n|-supereffective|p2b: Armarouge|1\n|-damage|p2b: Armarouge|0 fnt\n|faint|p2b: Armarouge\n|move|p2a: Froslass|Shadow Ball|p1b: Sneasler\n|-immune|p1b: Sneasler\n|\n|-weather|Snowscape|[upkeep]\n|upkeep\n|-message|Ulti_Z74 forfeited.\n|\n|win|michaelgscott\n|raw|michaelgscott's rating: 1139 &rarr; <strong>1164</strong><br />(+25 for winning)\n|raw|Ulti_Z74's rating: 1134 &rarr; <strong>1109</strong><br />(-25 for losing)\n|l|\u2606Ulti_Z74\n|player|p2|\n",
  "uploadtime": 1776578461,
  "views": 20,
  "formatid": "gen9championsvgc2026regma",
  "rating": 1109,
  "private": 0,
  "password": null
}