{
  "id": "gen9championsvgc2026regma-2589488251",
  "format": "[Gen 9 Champions] VGC 2026 Reg M-A",
  "players": [
    "benjiapollo",
    "Azerea"
  ],
  "log": "|j|\u2606benjiapollo\n|j|\u2606Azerea\n|t:|1776727501\n|gametype|doubles\n|player|p1|benjiapollo|giovanni|1456\n|player|p2|Azerea|170|1484\n|gen|9\n|tier|[Gen 9 Champions] VGC 2026 Reg M-A\n|rated|\n|rule|Species Clause: Limit one of each Pok\u00e9mon\n|rule|Item Clause: Limit 1 of each item\n|clearpoke\n|poke|p1|Basculegion, L50, M|\n|poke|p1|Charizard, L50, F|\n|poke|p1|Kingambit, L50, M|\n|poke|p1|Sneasler, L50, M|\n|poke|p1|Venusaur, L50, M|\n|poke|p1|Talonflame, L50, M|\n|poke|p2|Aggron, L50, M|\n|poke|p2|Ninetales-Alola, L50, F|\n|poke|p2|Sinistcha, L50|\n|poke|p2|Incineroar, L50, F|\n|poke|p2|Tyranitar, L50, M|\n|poke|p2|Rotom-Wash, L50|\n|teampreview|4\n|inactive|Battle timer is ON: inactive players will automatically lose when time's up. (requested by benjiapollo)\n|inactive|Azerea has 60 seconds left.\n|\n|t:|1776727571\n|teamsize|p1|4\n|teamsize|p2|4\n|start\n|switch|p1a: Talonflame|Talonflame, L50, M|100/100\n|switch|p1b: Charizard|Charizard, L50, F|100/100\n|switch|p2a: Rotom|Rotom-Wash, L50|100/100\n|switch|p2b: Aggron|Aggron, L50, M|100/100\n|turn|1\n|inactive|Azerea has 30 seconds left.\n|\n|t:|1776727602\n|detailschange|p1b: Charizard|Charizard-Mega-X, L50, F\n|-mega|p1b: Charizard|Charizard|Charizardite X\n|move|p1a: Talonflame|Tailwind|p1a: Talonflame\n|-sidestart|p1: benjiapollo|move: Tailwind\n|move|p1b: Charizard|Brick Break|p2b: Aggron\n|-supereffective|p2b: Aggron|2\n|-damage|p2b: Aggron|12/100\n|move|p2a: Rotom|Volt Switch|p1a: Talonflame\n|-supereffective|p1a: Talonflame|1\n|-damage|p1a: Talonflame|8/100\n|\n|t:|1776727612\n|switch|p2a: Tyranitar|Tyranitar, L50, M|100/100|[from] Volt Switch\n|-weather|Sandstorm|[from] ability: Sand Stream|[of] p2a: Tyranitar\n|move|p2b: Aggron|Iron Defense|p2b: Aggron\n|-boost|p2b: Aggron|def|2\n|\n|-weather|Sandstorm|[upkeep]\n|-damage|p1a: Talonflame|2/100|[from] Sandstorm\n|-damage|p1b: Charizard|95/100|[from] Sandstorm\n|upkeep\n|turn|2\n|\n|t:|1776727630\n|detailschange|p2a: Tyranitar|Tyranitar-Mega, L50, M\n|-mega|p2a: Tyranitar|Tyranitar|Tyranitarite\n|move|p1a: Talonflame|Flare Blitz|p2b: Aggron\n|-damage|p2b: Aggron|0 fnt\n|faint|p2b: Aggron\n|-damage|p1a: Talonflame|0 fnt|[from] Recoil\n|faint|p1a: Talonflame\n|move|p1b: Charizard|Brick Break|p2a: Tyranitar\n|-supereffective|p2a: Tyranitar|2\n|-damage|p2a: Tyranitar|21/100\n|move|p2a: Tyranitar|Dragon Dance|p2a: Tyranitar\n|-boost|p2a: Tyranitar|atk|1\n|-boost|p2a: Tyranitar|spe|1\n|\n|-weather|Sandstorm|[upkeep]\n|-damage|p1b: Charizard|89/100|[from] Sandstorm\n|upkeep\n|\n|t:|1776727646\n|switch|p1a: Kingambit|Kingambit, L50, M|100/100\n|switch|p2b: Sinistcha|Sinistcha, L50|100/100\n|-heal|p2a: Tyranitar|46/100|[from] ability: Hospitality|[of] p2b: Sinistcha\n|turn|3\n|\n|t:|1776727668\n|switch|p2b: Rotom|Rotom-Wash, L50|100/100\n|move|p1b: Charizard|Flare Blitz|p2b: Rotom\n|-resisted|p2b: Rotom|1\n|-damage|p2b: Rotom|43/100\n|-damage|p1b: Charizard|73/100|[from] Recoil\n|move|p2a: Tyranitar|Rock Slide|p1b: Charizard|[spread] p1a\n|-miss|p2a: Tyranitar|p1b: Charizard\n|-resisted|p1a: Kingambit|1\n|-damage|p1a: Kingambit|84/100\n|move|p1a: Kingambit|Iron Head|p2a: Tyranitar\n|-supereffective|p2a: Tyranitar|1\n|-damage|p2a: Tyranitar|0 fnt\n|faint|p2a: Tyranitar\n|\n|-weather|Sandstorm|[upkeep]\n|-damage|p1b: Charizard|67/100|[from] Sandstorm\n|-damage|p2b: Rotom|38/100|[from] Sandstorm\n|upkeep\n|-message|Azerea forfeited.\n|\n|win|benjiapollo\n|raw|benjiapollo's rating: 1456 &rarr; <strong>1478</strong><br />(+22 for winning)\n|raw|Azerea's rating: 1484 &rarr; <strong>1462</strong><br />(-22 for losing)\n|l|\u2606Azerea\n|player|p2|\n",
  "uploadtime": 1776727685,
  "views": 6,
  "formatid": "gen9championsvgc2026regma",
  "rating": 1462,
  "private": 0,
  "password": null
}