{
  "id": "gen9championsvgc2026regma-2585102031",
  "format": "[Gen 9 Champions] VGC 2026 Reg M-A",
  "players": [
    "maku8319",
    "tzarii"
  ],
  "log": "|j|\u2606maku8319\n|j|\u2606tzarii\n|t:|1776311971\n|gametype|doubles\n|player|p1|maku8319|red|1288\n|player|p2|tzarii|lady-gen4|1371\n|gen|9\n|tier|[Gen 9 Champions] VGC 2026 Reg M-A\n|rated|\n|rule|Species Clause: Limit one of each Pok\u00e9mon\n|rule|Item Clause: Limit 1 of each item\n|clearpoke\n|poke|p1|Corviknight, L50, F|\n|poke|p1|Delphox, L50, F|\n|poke|p1|Garchomp, L50, F|\n|poke|p1|Sneasler, L50, M|\n|poke|p1|Primarina, L50, M|\n|poke|p1|Kingambit, L50, F|\n|poke|p2|Scovillain, L50, F|\n|poke|p2|Aegislash, L50, M|\n|poke|p2|Primarina, L50, M|\n|poke|p2|Sneasler, L50, M|\n|poke|p2|Kommo-o, L50, M|\n|poke|p2|Farigiraf, L50, M|\n|teampreview|4\n|inactive|Battle timer is ON: inactive players will automatically lose when time's up. (requested by tzarii)\n|\n|t:|1776312022\n|teamsize|p1|4\n|teamsize|p2|4\n|start\n|switch|p1a: Sneasler|Sneasler, L50, M|100/100\n|switch|p1b: Delphox|Delphox, L50, F|100/100\n|switch|p2a: Scovillain|Scovillain, L50, F|100/100\n|switch|p2b: Farigiraf|Farigiraf, L50, M|100/100\n|turn|1\n|inactive|tzarii has 30 seconds left.\n|\n|t:|1776312051\n|detailschange|p1b: Delphox|Delphox-Mega, L50, F\n|-mega|p1b: Delphox|Delphox|Delphoxite\n|detailschange|p2a: Scovillain|Scovillain-Mega, L50, F\n|-mega|p2a: Scovillain|Scovillain|Scovillainite\n|move|p2a: Scovillain|Rage Powder|p2a: Scovillain\n|-singleturn|p2a: Scovillain|move: Rage Powder\n|move|p1b: Delphox|Heat Wave|p2a: Scovillain|[spread] p2a\n|-miss|p1b: Delphox|p2b: Farigiraf\n|-damage|p2a: Scovillain|55/100\n|-immune|p1b: Delphox\n|move|p1a: Sneasler|Dire Claw|p2a: Scovillain\n|-supereffective|p2a: Scovillain|1\n|-damage|p2a: Scovillain|0 fnt\n|-status|p1a: Sneasler|brn|[from] ability: Spicy Spray|[of] p2a: Scovillain\n|faint|p2a: Scovillain\n|move|p2b: Farigiraf|Trick Room|p2b: Farigiraf\n|-fieldstart|move: Trick Room|[of] p2b: Farigiraf\n|\n|-damage|p1a: Sneasler|95/100 brn|[from] brn\n|upkeep\n|\n|t:|1776312064\n|switch|p2a: Primarina|Primarina, L50, M|100/100\n|turn|2\n|\n|t:|1776312073\n|move|p2b: Farigiraf|Psychic|p1a: Sneasler\n|-supereffective|p1a: Sneasler|2\n|-crit|p1a: Sneasler\n|-damage|p1a: Sneasler|0 fnt\n|faint|p1a: Sneasler\n|move|p2a: Primarina|Calm Mind|p2a: Primarina\n|-boost|p2a: Primarina|spa|1\n|-boost|p2a: Primarina|spd|1\n|move|p1b: Delphox|Psychic|p2a: Primarina\n|-damage|p2a: Primarina|73/100\n|\n|upkeep\n|\n|t:|1776312084\n|switch|p1a: Kingambit|Kingambit, L50, F, shiny|100/100\n|turn|3\n|\n|t:|1776312095\n|move|p2a: Primarina|Hyper Voice|p1b: Delphox|[spread] p1a,p1b\n|-supereffective|p1b: Delphox|1\n|-damage|p1a: Kingambit|33/100\n|-damage|p1b: Delphox|0 fnt\n|faint|p1b: Delphox\n|move|p2b: Farigiraf|Hyper Voice|p1a: Kingambit\n|-resisted|p1a: Kingambit|1\n|-damage|p1a: Kingambit|13/100\n|move|p1a: Kingambit|Kowtow Cleave|p2b: Farigiraf\n|-supereffective|p2b: Farigiraf|1\n|-damage|p2b: Farigiraf|13/100\n|\n|upkeep\n|\n|t:|1776312101\n|switch|p1b: Corviknight|Corviknight, L50, F, shiny|100/100\n|turn|4\n|\n|t:|1776312111\n|move|p2a: Primarina|Hyper Voice|p1b: Corviknight|[spread] p1a,p1b\n|-damage|p1a: Kingambit|0 fnt\n|-damage|p1b: Corviknight|30/100\n|faint|p1a: Kingambit\n|move|p2b: Farigiraf|Hyper Voice|p1b: Corviknight\n|-resisted|p1b: Corviknight|1\n|-damage|p1b: Corviknight|9/100\n|move|p1b: Corviknight|Brave Bird|p2a: Primarina\n|-damage|p2a: Primarina|19/100\n|-damage|p1b: Corviknight|0 fnt|[from] Recoil\n|faint|p1b: Corviknight\n|\n|win|tzarii\n|raw|maku8319's rating: 1288 &rarr; <strong>1269</strong><br />(-19 for losing)\n|raw|tzarii's rating: 1371 &rarr; <strong>1386</strong><br />(+15 for winning)\n",
  "uploadtime": 1776312114,
  "views": 40,
  "formatid": "gen9championsvgc2026regma",
  "rating": 1269,
  "private": 0,
  "password": null
}