{
  "id": "gen9championsvgc2026regma-2582925909",
  "format": "[Gen 9 Champions] VGC 2026 Reg M-A",
  "players": [
    "Attacked by Bricks",
    "sergiolink"
  ],
  "log": "|j|\u2606Attacked by Bricks\n|j|\u2606sergiolink\n|t:|1776125569\n|gametype|doubles\n|player|p1|Attacked by Bricks|ghetsis-gen5bw|1022\n|player|p2|sergiolink|266|1087\n|gen|9\n|tier|[Gen 9 Champions] VGC 2026 Reg M-A\n|rated|\n|rule|Species Clause: Limit one of each Pok\u00e9mon\n|rule|Item Clause: Limit 1 of each item\n|clearpoke\n|poke|p1|Gengar, L50, M|\n|poke|p1|Politoed, L50, M|\n|poke|p1|Maushold, L50|\n|poke|p1|Liepard, L50, M|\n|poke|p1|Incineroar, L50, F|\n|poke|p1|Basculegion, L50, M|\n|poke|p2|Incineroar, L50, M|\n|poke|p2|Meganium, L50, M|\n|poke|p2|Vivillon-Fancy, L50, M|\n|poke|p2|Froslass, L50, F|\n|poke|p2|Excadrill, L50, M|\n|poke|p2|Sneasler, L50, F|\n|teampreview|4\n|inactive|Battle timer is ON: inactive players will automatically lose when time's up. (requested by Attacked by Bricks)\nAttacked by Bricks has agreed to open team sheets.\n|inactive|Attacked by Bricks has 60 seconds left.\n|inactive|sergiolink has 60 seconds left.\n|\n|t:|1776125621\n|teamsize|p1|4\n|teamsize|p2|4\n|start\n|switch|p1a: Politoed|Politoed, L50, M|100/100\n|switch|p1b: Incineroar|Incineroar, L50, F|100/100\n|switch|p2a: Vivillon|Vivillon-Fancy, L50, M, shiny|100/100\n|switch|p2b: Excadrill|Excadrill, L50, M|100/100\n|-ability|p2b: Excadrill|Mold Breaker\n|-weather|RainDance|[from] ability: Drizzle|[of] p1a: Politoed\n|turn|1\n|\n|t:|1776125645\n|move|p1b: Incineroar|Fake Out|p2b: Excadrill\n|-resisted|p2b: Excadrill|1\n|-damage|p2b: Excadrill|92/100\n|move|p2a: Vivillon|Rage Powder|p2a: Vivillon\n|-singleturn|p2a: Vivillon|move: Rage Powder\n|cant|p2b: Excadrill|flinch\n|move|p1a: Politoed|Muddy Water|p2b: Excadrill|[spread] p2a,p2b\n|-supereffective|p2b: Excadrill|1\n|-damage|p2a: Vivillon|19/100\n|-damage|p2b: Excadrill|0 fnt\n|faint|p2b: Excadrill\n|\n|-weather|RainDance|[upkeep]\n|upkeep\n|-message|sergiolink forfeited.\n|\n|win|Attacked by Bricks\n|raw|Attacked by Bricks's rating: 1022 &rarr; <strong>1065</strong><br />(+43 for winning)\n|raw|sergiolink's rating: 1087 &rarr; <strong>1060</strong><br />(-27 for losing)\n|l|\u2606sergiolink\n|player|p2|\n",
  "uploadtime": 1776125660,
  "views": 20,
  "formatid": "gen9championsvgc2026regma",
  "rating": 1060,
  "private": 0,
  "password": null
}