{
  "id": "gen9championsvgc2026regma-2581271879",
  "format": "[Gen 9 Champions] VGC 2026 Reg M-A",
  "players": [
    "Matias Bluebaum",
    "mkyscy24"
  ],
  "log": "|j|\u2606Matias Bluebaum\n|j|\u2606mkyscy24\n|t:|1775979421\n|gametype|doubles\n|player|p1|Matias Bluebaum|steven|1103\n|player|p2|mkyscy24|falkner|1031\n|gen|9\n|tier|[Gen 9 Champions] VGC 2026 Reg M-A\n|rated|\n|rule|Species Clause: Limit one of each Pok\u00e9mon\n|rule|Item Clause: Limit 1 of each item\n|clearpoke\n|poke|p1|Typhlosion-Hisui, L50, M|\n|poke|p1|Torkoal, L50, M|\n|poke|p1|Venusaur, L50, F|\n|poke|p1|Dragonite, L50, F|\n|poke|p1|Weavile, L50, F|\n|poke|p1|Slowking, L50, F|\n|poke|p2|Charizard, L50, M|\n|poke|p2|Torkoal, L50, F|\n|poke|p2|Hatterene, L50, F|\n|poke|p2|Farigiraf, L50, F|\n|poke|p2|Incineroar, L50, F|\n|poke|p2|Kingambit, L50, F|\n|teampreview|4\n|inactive|Battle timer is ON: inactive players will automatically lose when time's up. (requested by mkyscy24)\nMatias Bluebaum rejected open team sheets.\n|\n|t:|1775979485\n|teamsize|p1|4\n|teamsize|p2|4\n|start\n|switch|p1a: Typhlosion|Typhlosion-Hisui, L50, M|100/100\n|switch|p1b: Torkoal|Torkoal, L50, M|100/100\n|switch|p2a: Hatterene|Hatterene, L50, F|100/100\n|switch|p2b: Incineroar|Incineroar, L50, F|100/100\n|-ability|p2b: Incineroar|Intimidate|boost\n|-unboost|p1a: Typhlosion|atk|1\n|-unboost|p1b: Torkoal|atk|1\n|-weather|SunnyDay|[from] ability: Drought|[of] p1b: Torkoal\n|turn|1\n|inactive|mkyscy24 has 30 seconds left.\n|inactive|mkyscy24 has 20 seconds left.\n|inactive|mkyscy24 has 15 seconds left.\n|inactive|mkyscy24 has 10 seconds left.\n|\n|t:|1775979530\n|move|p1b: Torkoal|Helping Hand|p1a: Typhlosion\n|-singleturn|p1a: Typhlosion|Helping Hand|[of] p1b: Torkoal\n|move|p1a: Typhlosion|Eruption|p2b: Incineroar|[spread] p2a,p2b\n|-resisted|p2b: Incineroar|1\n|-damage|p2a: Hatterene|0 fnt\n|-damage|p2b: Incineroar|41/100\n|faint|p2a: Hatterene\n|move|p2b: Incineroar|Darkest Lariat|p1a: Typhlosion\n|-supereffective|p1a: Typhlosion|1\n|-damage|p1a: Typhlosion|0 fnt\n|faint|p1a: Typhlosion\n|\n|-weather|SunnyDay|[upkeep]\n|upkeep\n|\n|t:|1775979549\n|switch|p1a: Dragonite|Dragonite, L50, F|100/100\n|switch|p2a: Kingambit|Kingambit, L50, F|100/100\n|-activate|p2a: Kingambit|ability: Supreme Overlord\n|-start|p2a: Kingambit|fallen1|[silent]\n|turn|2\n|inactive|Matias Bluebaum has 30 seconds left.\n|inactive|Matias Bluebaum has 20 seconds left.\n|\n|t:|1775979586\n|detailschange|p1a: Dragonite|Dragonite-Mega, L50, F\n|-mega|p1a: Dragonite|Dragonite|Dragoninite\n|move|p2a: Kingambit|Sucker Punch|p1a: Dragonite\n|-damage|p1a: Dragonite|77/100\n|move|p1a: Dragonite|Focus Blast|p2b: Incineroar\n|-supereffective|p2b: Incineroar|1\n|-damage|p2b: Incineroar|0 fnt\n|faint|p2b: Incineroar\n|move|p1b: Torkoal|Heat Wave|p2a: Kingambit\n|-supereffective|p2a: Kingambit|1\n|-damage|p2a: Kingambit|0 fnt\n|faint|p2a: Kingambit\n|-end|p2a: Kingambit|fallen1|[silent]\n|\n|-weather|SunnyDay|[upkeep]\n|upkeep\n|-message|mkyscy24 forfeited.\n|\n|win|Matias Bluebaum\n|raw|Matias Bluebaum's rating: 1103 &rarr; <strong>1123</strong><br />(+20 for winning)\n|raw|mkyscy24's rating: 1031 &rarr; <strong>1019</strong><br />(-12 for losing)\n|l|\u2606mkyscy24\n|player|p2|\n",
  "uploadtime": 1775979600,
  "views": 11,
  "formatid": "gen9championsvgc2026regma",
  "rating": 1019,
  "private": 0,
  "password": null
}