{
  "id": "gen9championsvgc2026regma-2585395190",
  "format": "[Gen 9 Champions] VGC 2026 Reg M-A",
  "players": [
    "yadazei",
    "wafflewarri0r"
  ],
  "log": "|j|\u2606yadazei\n|j|\u2606wafflewarri0r\n|t:|1776344127\n|gametype|doubles\n|player|p1|yadazei|twins|1107\n|player|p2|wafflewarri0r|youngcouple-gen4dp|1104\n|gen|9\n|tier|[Gen 9 Champions] VGC 2026 Reg M-A\n|rated|\n|rule|Species Clause: Limit one of each Pok\u00e9mon\n|rule|Item Clause: Limit 1 of each item\n|clearpoke\n|poke|p1|Greninja-*, L50, F|\n|poke|p1|Pelipper, L50, F|\n|poke|p1|Aerodactyl, L50, M|\n|poke|p1|Conkeldurr, L50, M|\n|poke|p1|Kingambit, L50, F|\n|poke|p1|Sneasler, L50, M|\n|poke|p2|Chesnaught, L50, F|\n|poke|p2|Reuniclus, L50, F|\n|poke|p2|Torkoal, L50, M|\n|poke|p2|Chandelure, L50, M|\n|poke|p2|Hatterene, L50, F|\n|poke|p2|Avalugg-Hisui, L50, F|\n|teampreview|4\n|inactive|Battle timer is ON: inactive players will automatically lose when time's up. (requested by yadazei)\n|inactive|yadazei has 60 seconds left.\n|\n|t:|1776344165\n|teamsize|p1|4\n|teamsize|p2|4\n|start\n|switch|p1a: Kingambit|Kingambit, L50, F|100/100\n|switch|p1b: Sneasler|Sneasler, L50, M|100/100\n|switch|p2a: Reuniclus|Reuniclus, L50, F|100/100\n|switch|p2b: Hatterene|Hatterene, L50, F|100/100\n|turn|1\n|\n|t:|1776344181\n|move|p1b: Sneasler|Dire Claw|p2b: Hatterene\n|-supereffective|p2b: Hatterene|1\n|-enditem|p2b: Hatterene|Focus Sash\n|-damage|p2b: Hatterene|1/100\n|-status|p2b: Hatterene|psn\n|move|p1a: Kingambit|Kowtow Cleave|p2a: Reuniclus\n|-supereffective|p2a: Reuniclus|1\n|-damage|p2a: Reuniclus|0 fnt\n|faint|p2a: Reuniclus\n|move|p2b: Hatterene|Trick Room|p2b: Hatterene\n|-fieldstart|move: Trick Room|[of] p2b: Hatterene\n|\n|-damage|p2b: Hatterene|0 fnt|[from] psn\n|faint|p2b: Hatterene\n|upkeep\n|\n|t:|1776344190\n|switch|p2b: Avalugg|Avalugg-Hisui, L50, F|100/100\n|switch|p2a: Chesnaught|Chesnaught, L50, F|100/100\n|turn|2\n|\n|t:|1776344207\n|detailschange|p2a: Chesnaught|Chesnaught-Mega, L50, F\n|-mega|p2a: Chesnaught|Chesnaught|Chesnaughtite\n|move|p1a: Kingambit|Protect|p1a: Kingambit\n|-singleturn|p1a: Kingambit|Protect\n|move|p2a: Chesnaught|Body Press|p1a: Kingambit\n|-activate|p1a: Kingambit|move: Protect\n|move|p2b: Avalugg|Mountain Gale|p1b: Sneasler|[miss]\n|-miss|p2b: Avalugg|p1b: Sneasler\n|move|p1b: Sneasler|Close Combat|p2b: Avalugg\n|-supereffective|p2b: Avalugg|2\n|-ability|p2b: Avalugg|Sturdy\n|-damage|p2b: Avalugg|1/100\n|-unboost|p1b: Sneasler|def|1\n|-unboost|p1b: Sneasler|spd|1\n|-enditem|p2b: Avalugg|Sitrus Berry|[eat]\n|-heal|p2b: Avalugg|26/100|[from] item: Sitrus Berry\n|-enditem|p1b: Sneasler|White Herb\n|-clearnegativeboost|p1b: Sneasler|[silent]\n|\n|upkeep\n|turn|3\n|inactive|wafflewarri0r has 30 seconds left.\n|\n|t:|1776344238\n|move|p1b: Sneasler|Protect|p1b: Sneasler\n|-singleturn|p1b: Sneasler|Protect\n|move|p1a: Kingambit|Sucker Punch|p2b: Avalugg\n|-damage|p2b: Avalugg|0 fnt\n|faint|p2b: Avalugg\n|move|p2a: Chesnaught|Body Press|p1a: Kingambit\n|-supereffective|p1a: Kingambit|2\n|-damage|p1a: Kingambit|0 fnt\n|faint|p1a: Kingambit\n|\n|upkeep\n|c|\u2606yadazei|gg\n|\n|t:|1776344245\n|switch|p1a: Pelipper|Pelipper, L50, F|100/100\n|-weather|RainDance|[from] ability: Drizzle|[of] p1a: Pelipper\n|turn|4\n|\n|t:|1776344254\n|move|p2a: Chesnaught|Gyro Ball|p1b: Sneasler\n|-damage|p1b: Sneasler|22/100\n|move|p1a: Pelipper|Hurricane|p2a: Chesnaught\n|-supereffective|p2a: Chesnaught|2\n|-damage|p2a: Chesnaught|0 fnt\n|faint|p2a: Chesnaught\n|\n|win|yadazei\n|raw|yadazei's rating: 1107 &rarr; <strong>1132</strong><br />(+25 for winning)\n|raw|wafflewarri0r's rating: 1104 &rarr; <strong>1079</strong><br />(-25 for losing)\n",
  "uploadtime": 1776344259,
  "views": 30,
  "formatid": "gen9championsvgc2026regma",
  "rating": 1079,
  "private": 0,
  "password": null
}