{
  "id": "gen9championsvgc2026regma-2584613719",
  "format": "[Gen 9 Champions] VGC 2026 Reg M-A",
  "players": [
    "iansb310oct",
    "100PctMareepWool"
  ],
  "log": "|j|\u2606iansb310oct\n|j|\u2606100PctMareepWool\n|t:|1776272164\n|gametype|doubles\n|player|p1|iansb310oct|infielder|1069\n|player|p2|100PctMareepWool|elesa|1045\n|gen|9\n|tier|[Gen 9 Champions] VGC 2026 Reg M-A\n|rated|\n|rule|Species Clause: Limit one of each Pok\u00e9mon\n|rule|Item Clause: Limit 1 of each item\n|clearpoke\n|poke|p1|Palafin, L50, F|\n|poke|p1|Hatterene, L50, F|\n|poke|p1|Rhyperior, L50, F|\n|poke|p1|Kingambit, L50, M|\n|poke|p1|Torkoal, L50, M|\n|poke|p1|Venusaur, L50, M|\n|poke|p2|Tyranitar, L50, M|\n|poke|p2|Gardevoir, L50, M|\n|poke|p2|Gyarados, L50, M|\n|poke|p2|Excadrill, L50, F|\n|poke|p2|Sinistcha, L50|\n|poke|p2|Rotom-Heat, L50|\n|teampreview|4\niansb310oct rejected open team sheets.\n|\n|t:|1776272209\n|teamsize|p1|4\n|teamsize|p2|4\n|start\n|switch|p1a: Palafin|Palafin, L50, F|100/100\n|switch|p1b: Hatterene|Hatterene, L50, F|100/100\n|switch|p2a: Rotom|Rotom-Heat, L50|100/100\n|switch|p2b: Excadrill|Excadrill, L50, F|100/100\n|turn|1\n|\n|t:|1776272238\n|move|p1a: Palafin|Flip Turn|p2b: Excadrill\n|-supereffective|p2b: Excadrill|1\n|-damage|p2b: Excadrill|36/100\n|inactive|Battle timer is ON: inactive players will automatically lose when time's up. (requested by iansb310oct)\n|\n|t:|1776272242\n|detailschange|p1a: Palafin|Palafin-Hero, L50, F\n|switch|p1a: Rhyperior|Rhyperior, L50, F|100/100|[from] Flip Turn\n|move|p2a: Rotom|Volt Switch|p1b: Hatterene\n|-damage|p1b: Hatterene|67/100\n|\n|t:|1776272255\n|switch|p2a: Sinistcha|Sinistcha, L50|100/100|[from] Volt Switch\n|-heal|p2b: Excadrill|60/100|[from] ability: Hospitality|[of] p2a: Sinistcha\n|move|p2b: Excadrill|Iron Head|p1b: Hatterene\n|-supereffective|p1b: Hatterene|1\n|-damage|p1b: Hatterene|0 fnt\n|faint|p1b: Hatterene\n|\n|upkeep\n|-message|iansb310oct forfeited.\n|\n|win|100PctMareepWool\n|raw|iansb310oct's rating: 1069 &rarr; <strong>1047</strong><br />(-22 for losing)\n|raw|100PctMareepWool's rating: 1045 &rarr; <strong>1081</strong><br />(+36 for winning)\n|l|\u2606iansb310oct\n|player|p1|\n",
  "uploadtime": 1776272280,
  "views": 35,
  "formatid": "gen9championsvgc2026regma",
  "rating": 1047,
  "private": 0,
  "password": null
}