{
  "id": "gen9championsvgc2026regma-2586946987",
  "format": "[Gen 9 Champions] VGC 2026 Reg M-A",
  "players": [
    "areestoo",
    "apexdesu"
  ],
  "log": "|j|\u2606areestoo\n|j|\u2606apexdesu\n|t:|1776474501\n|gametype|doubles\n|player|p1|areestoo|101|1300\n|player|p2|apexdesu|cowgirl|1302\n|gen|9\n|tier|[Gen 9 Champions] VGC 2026 Reg M-A\n|rated|\n|rule|Species Clause: Limit one of each Pok\u00e9mon\n|rule|Item Clause: Limit 1 of each item\n|clearpoke\n|poke|p1|Incineroar, L50, F|\n|poke|p1|Farigiraf, L50, M|\n|poke|p1|Torkoal, L50, F|\n|poke|p1|Scovillain, L50, F|\n|poke|p1|Feraligatr, L50, F|\n|poke|p1|Kingambit, L50, M|\n|poke|p2|Ninetales-Alola, L50, F|\n|poke|p2|Crabominable, L50, M|\n|poke|p2|Camerupt, L50, M|\n|poke|p2|Incineroar, L50, M|\n|poke|p2|Farigiraf, L50, M|\n|poke|p2|Torkoal, L50, F|\n|teampreview|4\n|inactive|Battle timer is ON: inactive players will automatically lose when time's up. (requested by areestoo)\n|l|\u2606apexdesu\n|inactive|apexdesu disconnected and has a minute to reconnect!\n|player|p2|\n|j|\u2606apexdesu\n|inactive|apexdesu reconnected and has 80 seconds left.\n|player|p2|apexdesu|cowgirl|\n|inactive|areestoo has 60 seconds left.\n|\n|t:|1776474543\n|teamsize|p1|4\n|teamsize|p2|4\n|start\n|switch|p1a: Farigiraf|Farigiraf, L50, M|100/100\n|switch|p1b: Scovillain|Scovillain, L50, F|100/100\n|switch|p2a: Incineroar|Incineroar, L50, M|100/100\n|switch|p2b: Farigiraf|Farigiraf, L50, M|100/100\n|-ability|p2a: Incineroar|Intimidate|boost\n|-unboost|p1a: Farigiraf|atk|1\n|-unboost|p1b: Scovillain|atk|1\n|turn|1\n|inactive|apexdesu has 30 seconds left.\n|\n|t:|1776474571\n|move|p1b: Scovillain|Rage Powder|p1b: Scovillain\n|-singleturn|p1b: Scovillain|move: Rage Powder\n|move|p2a: Incineroar|Flare Blitz|p1b: Scovillain\n|-damage|p1b: Scovillain|4/100\n|-damage|p2a: Incineroar|73/100|[from] Recoil\n|move|p1a: Farigiraf|Nasty Plot|p1a: Farigiraf\n|-boost|p1a: Farigiraf|spa|2\n|move|p2b: Farigiraf|Trick Room|p2b: Farigiraf\n|-fieldstart|move: Trick Room|[of] p2b: Farigiraf\n|\n|upkeep\n|turn|2\n|\n|t:|1776474594\n|switch|p2a: Torkoal|Torkoal, L50, F|100/100\n|-weather|SunnyDay|[from] ability: Drought|[of] p2a: Torkoal\n|move|p1b: Scovillain|Rage Powder|p1b: Scovillain\n|-singleturn|p1b: Scovillain|move: Rage Powder\n|move|p2b: Farigiraf|Dazzling Gleam|p1b: Scovillain|[spread] p1a,p1b\n|-resisted|p1b: Scovillain|1\n|-damage|p1a: Farigiraf|87/100\n|-damage|p1b: Scovillain|0 fnt\n|faint|p1b: Scovillain\n|move|p1a: Farigiraf|Hyper Voice|p2a: Torkoal|[spread] p2a,p2b\n|-damage|p2a: Torkoal|15/100\n|-damage|p2b: Farigiraf|33/100\n|-enditem|p2b: Farigiraf|Sitrus Berry|[eat]\n|-heal|p2b: Farigiraf|58/100|[from] item: Sitrus Berry\n|\n|-weather|SunnyDay|[upkeep]\n|upkeep\n|\n|t:|1776474605\n|switch|p1b: Torkoal|Torkoal, L50, F|100/100\n|turn|3\n|inactive|apexdesu has 30 seconds left.\n|\n|t:|1776474635\n|move|p1b: Torkoal|Weather Ball|p2a: Torkoal\n|-resisted|p2a: Torkoal|1\n|-damage|p2a: Torkoal|0 fnt\n|faint|p2a: Torkoal\n|move|p2b: Farigiraf|Thunder|p1a: Farigiraf|[miss]\n|-miss|p2b: Farigiraf|p1a: Farigiraf\n|move|p1a: Farigiraf|Hyper Voice|p2b: Farigiraf\n|-damage|p2b: Farigiraf|0 fnt\n|faint|p2b: Farigiraf\n|\n|-weather|SunnyDay|[upkeep]\n|upkeep\n|c|\u2606areestoo|what\n|\n|t:|1776474649\n|switch|p2a: Incineroar|Incineroar, L50, M|73/100\n|switch|p2b: Camerupt|Camerupt, L50, M|100/100\n|-ability|p2a: Incineroar|Intimidate|boost\n|-unboost|p1a: Farigiraf|atk|1\n|-unboost|p1b: Torkoal|atk|1\n|turn|4\n|\n|t:|1776474673\n|detailschange|p2b: Camerupt|Camerupt-Mega, L50, M\n|-mega|p2b: Camerupt|Camerupt|Cameruptite\n|move|p1b: Torkoal|Eruption|p2a: Incineroar|[spread] p2a,p2b\n|-resisted|p2a: Incineroar|1\n|-resisted|p2b: Camerupt|1\n|-damage|p2a: Incineroar|28/100\n|-damage|p2b: Camerupt|55/100\n|move|p2b: Camerupt|Eruption|p1a: Farigiraf|[spread] p1a,p1b\n|-resisted|p1b: Torkoal|1\n|-crit|p1b: Torkoal\n|-damage|p1a: Farigiraf|34/100\n|-damage|p1b: Torkoal|45/100\n|move|p2a: Incineroar|Flare Blitz|p1b: Torkoal\n|-resisted|p1b: Torkoal|1\n|-damage|p1b: Torkoal|7/100\n|-damage|p2a: Incineroar|17/100|[from] Recoil\n|move|p1a: Farigiraf|Hyper Voice|p2b: Camerupt|[spread] p2a,p2b\n|-damage|p2a: Incineroar|0 fnt\n|-damage|p2b: Camerupt|0 fnt\n|faint|p2a: Incineroar\n|faint|p2b: Camerupt\n|\n|win|areestoo\n|raw|areestoo's rating: 1300 &rarr; <strong>1325</strong><br />(+25 for winning)\n|raw|apexdesu's rating: 1302 &rarr; <strong>1282</strong><br />(-20 for losing)\n",
  "uploadtime": 1776474674,
  "views": 38,
  "formatid": "gen9championsvgc2026regma",
  "rating": 1282,
  "private": 0,
  "password": null
}