{
  "id": "gen9championsvgc2026regma-2584786372",
  "format": "[Gen 9 Champions] VGC 2026 Reg M-A",
  "players": [
    "ones_upon_a_time",
    "DMax7XeL"
  ],
  "log": "|j|\u2606ones_upon_a_time\n|j|\u2606DMax7XeL\n|t:|1776283568\n|gametype|doubles\n|player|p1|ones_upon_a_time|1|1086\n|player|p2|DMax7XeL|102|1000\n|gen|9\n|tier|[Gen 9 Champions] VGC 2026 Reg M-A\n|rated|\n|rule|Species Clause: Limit one of each Pok\u00e9mon\n|rule|Item Clause: Limit 1 of each item\n|clearpoke\n|poke|p1|Drampa, L50, M|\n|poke|p1|Alakazam, L50, M|\n|poke|p1|Scizor, L50, F|\n|poke|p1|Pelipper, L50, M|\n|poke|p1|Basculegion, L50, M|\n|poke|p1|Sinistcha, L50|\n|poke|p2|Raichu, L50, M|\n|poke|p2|Vaporeon, L50, M|\n|poke|p2|Heliolisk, L50, M|\n|poke|p2|Noivern, L50, F|\n|poke|p2|Kleavor, L50, M|\n|poke|p2|Crabominable, L50, F|\n|teampreview|4\n|\n|t:|1776283592\n|teamsize|p1|4\n|teamsize|p2|4\n|start\n|switch|p1a: Drampa|Drampa, L50, M|100/100\n|switch|p1b: Alakazam|Alakazam, L50, M|100/100\n|switch|p2a: Raichu|Raichu, L50, M|100/100\n|switch|p2b: Heliolisk|Heliolisk, L50, M|100/100\n|turn|1\n|\n|t:|1776283618\n|detailschange|p1a: Drampa|Drampa-Mega, L50, M\n|-mega|p1a: Drampa|Drampa|Drampanite\n|move|p2a: Raichu|Fake Out|p1b: Alakazam\n|-damage|p1b: Alakazam|84/100\n|move|p1b: Alakazam|Speed Swap|p1a: Drampa\n|-activate|p1b: Alakazam|move: Speed Swap|[of] p1a: Drampa\n|move|p1a: Drampa|Calm Mind|p1a: Drampa\n|-boost|p1a: Drampa|spa|1\n|-boost|p1a: Drampa|spd|1\n|move|p2b: Heliolisk|Discharge|p1b: Alakazam|[spread] p1a,p1b\n|-ability|p2a: Raichu|Lightning Rod|boost\n|-boost|p2a: Raichu|spa|1\n|-resisted|p1a: Drampa|1\n|-damage|p1a: Drampa|92/100\n|-damage|p1b: Alakazam|49/100\n|-status|p1b: Alakazam|par\n|\n|upkeep\n|turn|2\n|\n|t:|1776283643\n|move|p1a: Drampa|Calm Mind|p1a: Drampa\n|-boost|p1a: Drampa|spa|1\n|-boost|p1a: Drampa|spd|1\n|move|p2b: Heliolisk|Discharge|p1b: Alakazam|[spread] p1a,p1b\n|-ability|p2a: Raichu|Lightning Rod|boost\n|-boost|p2a: Raichu|spa|1\n|-resisted|p1a: Drampa|1\n|-damage|p1a: Drampa|86/100\n|-damage|p1b: Alakazam|14/100 par\n|-status|p1a: Drampa|par\n|move|p2a: Raichu|Dazzling Gleam|p1b: Alakazam|[spread] p1a,p1b\n|-supereffective|p1a: Drampa|1\n|-damage|p1a: Drampa|55/100 par\n|-damage|p1b: Alakazam|0 fnt\n|faint|p1b: Alakazam\n|\n|upkeep\n|\n|t:|1776283657\n|switch|p1b: Scizor|Scizor, L50, F|100/100\n|turn|3\n|\n|t:|1776283685\n|move|p2b: Heliolisk|Discharge|p1b: Scizor|[spread] p1a,p1b\n|-ability|p2a: Raichu|Lightning Rod|boost\n|-boost|p2a: Raichu|spa|1\n|-resisted|p1a: Drampa|1\n|-damage|p1a: Drampa|50/100 par\n|-damage|p1b: Scizor|69/100\n|-ability|p1a: Drampa|Berserk|boost\n|-boost|p1a: Drampa|spa|1\n|move|p2a: Raichu|Dazzling Gleam|p1a: Drampa|[spread] p1a,p1b\n|-supereffective|p1a: Drampa|1\n|-resisted|p1b: Scizor|1\n|-damage|p1a: Drampa|9/100 par\n|-damage|p1b: Scizor|43/100\n|cant|p1a: Drampa|par\n|move|p1b: Scizor|Swords Dance|p1b: Scizor\n|-boost|p1b: Scizor|atk|2\n|\n|upkeep\n|turn|4\n|-message|ones_upon_a_time forfeited.\n|\n|win|DMax7XeL\n|raw|ones_upon_a_time's rating: 1086 &rarr; <strong>1058</strong><br />(-28 for losing)\n|raw|DMax7XeL's rating: 1000 &rarr; <strong>1050</strong><br />(+50 for winning)\n|l|\u2606ones_upon_a_time\n|player|p1|\n",
  "uploadtime": 1776283707,
  "views": 17,
  "formatid": "gen9championsvgc2026regma",
  "rating": 1050,
  "private": 0,
  "password": null
}