{
  "id": "gen9championsvgc2026regma-2589539335",
  "format": "[Gen 9 Champions] VGC 2026 Reg M-A",
  "players": [
    "tzarii",
    "emu2567"
  ],
  "log": "|j|\u2606tzarii\n|j|\u2606emu2567\n|t:|1776732230\n|gametype|doubles\n|player|p1|tzarii|lady-gen4|1571\n|player|p2|emu2567|swimmerf-gen4|1654\n|gen|9\n|tier|[Gen 9 Champions] VGC 2026 Reg M-A\n|rated|\n|rule|Species Clause: Limit one of each Pok\u00e9mon\n|rule|Item Clause: Limit 1 of each item\n|clearpoke\n|poke|p1|Scovillain, L50, M|\n|poke|p1|Kingambit, L50, M|\n|poke|p1|Primarina, L50, F|\n|poke|p1|Sneasler, L50, M|\n|poke|p1|Tyranitar, L50, F|\n|poke|p1|Farigiraf, L50, F|\n|poke|p2|Farigiraf, L50, F|\n|poke|p2|Torkoal, L50, F|\n|poke|p2|Floette-Eternal, L50, F|\n|poke|p2|Sinistcha, L50|\n|poke|p2|Archaludon, L50, F|\n|poke|p2|Incineroar, L50, M|\n|teampreview|4\n|inactive|Battle timer is ON: inactive players will automatically lose when time's up. (requested by tzarii)\n|\n|t:|1776732270\n|teamsize|p1|4\n|teamsize|p2|4\n|start\n|switch|p1a: Scovillain|Scovillain, L50, M|100/100\n|switch|p1b: Sneasler|Sneasler, L50, M|100/100\n|switch|p2a: Sinistcha|Sinistcha, L50|100/100\n|switch|p2b: Floette|Floette-Eternal, L50, F|100/100\n|turn|1\n|\n|t:|1776732289\n|detailschange|p1a: Scovillain|Scovillain-Mega, L50, M\n|-mega|p1a: Scovillain|Scovillain|Scovillainite\n|move|p2b: Floette|Protect|p2b: Floette\n|-singleturn|p2b: Floette|Protect\n|move|p2a: Sinistcha|Protect|p2a: Sinistcha\n|-singleturn|p2a: Sinistcha|Protect\n|move|p1b: Sneasler|Fake Out|p2b: Floette\n|-activate|p2b: Floette|move: Protect\n|move|p1a: Scovillain|Flamethrower|p2a: Sinistcha\n|-activate|p2a: Sinistcha|move: Protect\n|\n|upkeep\n|turn|2\n|inactive|emu2567 has 30 seconds left.\n|\n|t:|1776732317\n|switch|p2a: Farigiraf|Farigiraf, L50, F|100/100\n|detailschange|p2b: Floette|Floette-Mega, L50, F\n|-mega|p2b: Floette|Floette|Floettite\n|-ability|p2b: Floette|Fairy Aura\n|move|p1b: Sneasler|Dire Claw|p2b: Floette\n|-supereffective|p2b: Floette|1\n|-damage|p2b: Floette|7/100\n|move|p2b: Floette|Calm Mind|p2b: Floette\n|-boost|p2b: Floette|spa|1\n|-boost|p2b: Floette|spd|1\n|move|p1a: Scovillain|Flamethrower|p2a: Farigiraf\n|-damage|p2a: Farigiraf|70/100\n|\n|upkeep\n|turn|3\n|inactive|tzarii has 30 seconds left.\n|inactive|tzarii has 20 seconds left.\n|j| iron cornbreads\n|inactive|tzarii has 15 seconds left.\n|\n|t:|1776732359\n|move|p1b: Sneasler|Close Combat|p2a: Farigiraf\n|-damage|p2a: Farigiraf|14/100\n|-unboost|p1b: Sneasler|def|1\n|-unboost|p1b: Sneasler|spd|1\n|-enditem|p1b: Sneasler|White Herb\n|-clearnegativeboost|p1b: Sneasler|[silent]\n|move|p2b: Floette|Dazzling Gleam|p1b: Sneasler|[spread] p1a,p1b\n|-resisted|p1a: Scovillain|1\n|-damage|p1a: Scovillain|60/100\n|-damage|p1b: Sneasler|0 fnt\n|-status|p2b: Floette|brn|[from] ability: Spicy Spray|[of] p1a: Scovillain\n|faint|p1b: Sneasler\n|move|p1a: Scovillain|Flamethrower|p2a: Farigiraf\n|-damage|p2a: Farigiraf|0 fnt\n|faint|p2a: Farigiraf\n|\n|-damage|p2b: Floette|0 fnt|[from] brn\n|faint|p2b: Floette\n|upkeep\n|\n|t:|1776732378\n|switch|p1b: Tyranitar|Tyranitar, L50, F|100/100\n|switch|p2b: Archaludon|Archaludon, L50, F|100/100\n|switch|p2a: Sinistcha|Sinistcha, L50|100/100\n|-weather|Sandstorm|[from] ability: Sand Stream|[of] p1b: Tyranitar\n|turn|4\n|-message|emu2567 forfeited.\n|\n|win|tzarii\n|raw|tzarii's rating: 1571 &rarr; <strong>1596</strong><br />(+25 for winning)\n|raw|emu2567's rating: 1654 &rarr; <strong>1629</strong><br />(-25 for losing)\n|j| greenwoodgatrs\n|l|\u2606emu2567\n|player|p2|\n|l|\u2606tzarii\n|player|p1|\n|l| greenwoodgatrs\n|j|\u2606tzarii\n|player|p1|tzarii|lady-gen4|\n",
  "uploadtime": 1776732390,
  "views": 6,
  "formatid": "gen9championsvgc2026regma",
  "rating": 1596,
  "private": 0,
  "password": null
}