{
  "id": "gen9championsvgc2026regma-2585486320",
  "format": "[Gen 9 Champions] VGC 2026 Reg M-A",
  "players": [
    "weighosting",
    "MaddoxJee"
  ],
  "log": "|j|\u2606weighosting\n|j|\u203dMaddoxJee\n|t:|1776350767\n|gametype|doubles\n|player|p1|weighosting|wallace|1097\n|player|p2|MaddoxJee|proton|1081\n|gen|9\n|tier|[Gen 9 Champions] VGC 2026 Reg M-A\n|rated|\n|rule|Species Clause: Limit one of each Pok\u00e9mon\n|rule|Item Clause: Limit 1 of each item\n|clearpoke\n|poke|p1|Crabominable, L50, M|\n|poke|p1|Slowking-Galar, L50, F|\n|poke|p1|Incineroar, L50, F|\n|poke|p1|Maushold, L50|\n|poke|p1|Kingambit, L50, M|\n|poke|p1|Farigiraf, L50, M|\n|poke|p2|Charizard, L50, M|\n|poke|p2|Sneasler, L50, M|\n|poke|p2|Ditto, L50|\n|poke|p2|Heliolisk, L50, F|\n|poke|p2|Gallade, L50, M|\n|poke|p2|Whimsicott, L50, F|\n|teampreview|4\n|inactive|Battle timer is ON: inactive players will automatically lose when time's up. (requested by MaddoxJee)\n|\n|t:|1776350796\n|teamsize|p1|4\n|teamsize|p2|4\n|start\n|switch|p1a: Slowking|Slowking-Galar, L50, F|100/100\n|switch|p1b: Incineroar|Incineroar, L50, F|100/100\n|switch|p2a: Gallade|Gallade, L50, M|100/100\n|switch|p2b: Ditto|Ditto, L50, shiny|100/100\n|-transform|p2b: Ditto|p1a: Slowking|[from] ability: Imposter\n|-ability|p1b: Incineroar|Intimidate|boost\n|-unboost|p2a: Gallade|atk|1\n|-unboost|p2b: Ditto|atk|1\n|turn|1\n|\n|t:|1776350803\n|detailschange|p2a: Gallade|Gallade-Mega, L50, M\n|-mega|p2a: Gallade|Gallade|Galladite\n|move|p1b: Incineroar|Fake Out|p2a: Gallade\n|-damage|p2a: Gallade|83/100\n|move|p2a: Gallade|Rock Slide|p1b: Incineroar|[spread] p1b\n|-miss|p2a: Gallade|p1a: Slowking\n|-supereffective|p1b: Incineroar|1\n|-damage|p1b: Incineroar|74/100\n|move|p1a: Slowking|Psychic|p2a: Gallade\n|-damage|p2a: Gallade|44/100\n|move|p2b: Ditto|Trick Room|p2b: Ditto\n|-fieldstart|move: Trick Room|[of] p2b: Ditto\n|\n|upkeep\n|turn|2\n|\n|t:|1776350827\n|move|p1a: Slowking|Psychic|p2b: Ditto\n|-damage|p2b: Ditto|64/100\n|move|p1b: Incineroar|Flare Blitz|p2a: Gallade\n|-damage|p2a: Gallade|0 fnt\n|faint|p2a: Gallade\n|-damage|p1b: Incineroar|63/100|[from] Recoil\n|move|p2b: Ditto|Trick Room|p2b: Ditto\n|-fieldend|move: Trick Room\n|\n|upkeep\n|-message|MaddoxJee forfeited.\n|\n|win|weighosting\n|raw|weighosting's rating: 1097 &rarr; <strong>1121</strong><br />(+24 for winning)\n|raw|MaddoxJee's rating: 1081 &rarr; <strong>1060</strong><br />(-21 for losing)\n|l|\u203dMaddoxJee\n|player|p2|\n|c|\u2606weighosting|AHAHHAHA\n",
  "uploadtime": 1776350845,
  "views": 20,
  "formatid": "gen9championsvgc2026regma",
  "rating": 1060,
  "private": 0,
  "password": null
}