{
  "id": "gen9championsvgc2026regma-2587294917",
  "format": "[Gen 9 Champions] VGC 2026 Reg M-A",
  "players": [
    "AVGNmasterr",
    "isabellissima"
  ],
  "log": "|j|\u2606AVGNmasterr\n|j|\u2606isabellissima\n|t:|1776519262\n|gametype|doubles\n|player|p1|AVGNmasterr|blackbelt-gen4dp|1267\n|player|p2|isabellissima|265|1313\n|gen|9\n|tier|[Gen 9 Champions] VGC 2026 Reg M-A\n|rated|\n|rule|Species Clause: Limit one of each Pok\u00e9mon\n|rule|Item Clause: Limit 1 of each item\n|clearpoke\n|poke|p1|Gengar, L50, M|\n|poke|p1|Incineroar, L50, F|\n|poke|p1|Rotom-Wash, L50|\n|poke|p1|Clefable, L50, M|\n|poke|p1|Meowstic, L50, M|\n|poke|p1|Sneasler, L50, F|\n|poke|p2|Incineroar, L50, M, shiny|\n|poke|p2|Gengar, L50, F, shiny|\n|poke|p2|Sneasler, L50, F|\n|poke|p2|Maushold-Four, L50|\n|poke|p2|Kommo-o, L50, M, shiny|\n|poke|p2|Politoed, L50, F, shiny|\n|teampreview|4\n|inactive|Battle timer is ON: inactive players will automatically lose when time's up. (requested by AVGNmasterr)\n|inactive|AVGNmasterr has 60 seconds left.\n|inactive|AVGNmasterr has 30 seconds left.\n|\n|t:|1776519335\n|teamsize|p1|4\n|teamsize|p2|4\n|start\n|switch|p1a: Sneasler|Sneasler, L50, F|100/100\n|switch|p1b: Clefable|Clefable, L50, M|100/100\n|switch|p2a: Incineroar|Incineroar, L50, M, shiny|100/100\n|switch|p2b: Gengar|Gengar, L50, F, shiny|100/100\n|-ability|p2a: Incineroar|Intimidate|boost\n|-unboost|p1a: Sneasler|atk|1\n|-unboost|p1b: Clefable|atk|1\n|turn|1\n|inactive|AVGNmasterr has 30 seconds left.\n|inactive|AVGNmasterr has 20 seconds left.\n|inactive|AVGNmasterr has 15 seconds left.\n|inactive|AVGNmasterr has 10 seconds left.\n|\n|t:|1776519381\n|switch|p1a: Rotom|Rotom-Wash, L50|100/100\n|switch|p1b: Incineroar|Incineroar, L50, F|100/100\n|-ability|p1b: Incineroar|Intimidate|boost\n|-unboost|p2a: Incineroar|atk|1\n|-unboost|p2b: Gengar|atk|1\n|detailschange|p2b: Gengar|Gengar-Mega, L50, F, shiny\n|-mega|p2b: Gengar|Gengar|Gengarite\n|move|p2a: Incineroar|Fake Out|p1a: Rotom\n|-damage|p1a: Rotom|93/100\n|move|p2b: Gengar|Perish Song|p2b: Gengar\n|-start|p1a: Rotom|perish3|[silent]\n|-start|p1b: Incineroar|perish3|[silent]\n|-start|p2a: Incineroar|perish3|[silent]\n|-start|p2b: Gengar|perish3|[silent]\n|-fieldactivate|move: Perish Song\n|\n|-start|p2b: Gengar|perish3\n|-start|p1a: Rotom|perish3\n|-start|p1b: Incineroar|perish3\n|-start|p2a: Incineroar|perish3\n|upkeep\n|turn|2\n|\n|t:|1776519404\n|move|p2b: Gengar|Protect|p2b: Gengar\n|-singleturn|p2b: Gengar|Protect\n|move|p2a: Incineroar|Protect|p2a: Incineroar\n|-singleturn|p2a: Incineroar|Protect\n|move|p1a: Rotom|Electroweb|p2b: Gengar|[spread] \n|-activate|p2a: Incineroar|move: Protect\n|-activate|p2b: Gengar|move: Protect\n|move|p1b: Incineroar|Flare Blitz|p2b: Gengar\n|-activate|p2b: Gengar|move: Protect\n|\n|-start|p2b: Gengar|perish2\n|-start|p1a: Rotom|perish2\n|-start|p1b: Incineroar|perish2\n|-start|p2a: Incineroar|perish2\n|upkeep\n|turn|3\n|\n|t:|1776519419\n|switch|p2b: Maushold|Maushold-Four, L50|100/100\n|move|p1a: Rotom|Hydro Pump|p2b: Maushold|[miss]\n|-miss|p1a: Rotom|p2b: Maushold\n|move|p1b: Incineroar|Parting Shot|p2b: Maushold\n|-unboost|p2b: Maushold|atk|1\n|-unboost|p2b: Maushold|spa|1\n|\n|t:|1776519433\n|switch|p1b: Sneasler|Sneasler, L50, F|100/100|[from] Parting Shot\n|move|p2a: Incineroar|Parting Shot|p1a: Rotom\n|-unboost|p1a: Rotom|atk|1\n|-unboost|p1a: Rotom|spa|1\n|\n|t:|1776519439\n|switch|p2a: Gengar|Gengar-Mega, L50, F, shiny|100/100|[from] Parting Shot\n|\n|-start|p1a: Rotom|perish1\n|upkeep\n|turn|4\n|-message|AVGNmasterr forfeited.\n|\n|win|isabellissima\n|raw|AVGNmasterr's rating: 1267 &rarr; <strong>1245</strong><br />(-22 for losing)\n|raw|isabellissima's rating: 1313 &rarr; <strong>1330</strong><br />(+17 for winning)\n|l|\u2606AVGNmasterr\n|player|p1|\n",
  "uploadtime": 1776519456,
  "views": 42,
  "formatid": "gen9championsvgc2026regma",
  "rating": 1245,
  "private": 0,
  "password": null
}