{
  "id": "gen9championsvgc2026regma-2584396844",
  "format": "[Gen 9 Champions] VGC 2026 Reg M-A",
  "players": [
    "fartinhalerr27",
    "grushuri"
  ],
  "log": "|j|\u2606fartinhalerr27\n|j|\u2606grushuri\n|t:|1776257846\n|gametype|doubles\n|player|p1|fartinhalerr27|brock|1136\n|player|p2|grushuri|lebanne|1096\n|gen|9\n|tier|[Gen 9 Champions] VGC 2026 Reg M-A\n|rated|\n|rule|Species Clause: Limit one of each Pok\u00e9mon\n|rule|Item Clause: Limit 1 of each item\n|clearpoke\n|poke|p1|Aggron, L50, F|\n|poke|p1|Sinistcha, L50|\n|poke|p1|Machamp, L50, M|\n|poke|p1|Weavile, L50, M|\n|poke|p1|Aerodactyl, L50, M|\n|poke|p1|Basculegion, L50, M|\n|poke|p2|Torkoal, L50, M|\n|poke|p2|Golurk, L50|\n|poke|p2|Farigiraf, L50, F|\n|poke|p2|Venusaur, L50, M|\n|poke|p2|Kingambit, L50, M|\n|poke|p2|Incineroar, L50, F|\n|teampreview|4\n|\n|t:|1776257872\n|teamsize|p1|4\n|teamsize|p2|4\n|start\n|switch|p1a: Sinistcha|Sinistcha, L50|100/100\n|switch|p1b: Machamp|Machamp, L50, M|100/100\n|switch|p2a: Farigiraf|Farigiraf, L50, F|100/100\n|switch|p2b: Incineroar|Incineroar, L50, F|100/100\n|-ability|p2b: Incineroar|Intimidate|boost\n|-unboost|p1a: Sinistcha|atk|1\n|-unboost|p1b: Machamp|atk|1\n|-enditem|p1b: Machamp|White Herb\n|-clearnegativeboost|p1b: Machamp|[silent]\n|turn|1\n|\n|t:|1776257902\n|switch|p1b: Aggron|Aggron, L50, F|100/100\n|move|p1a: Sinistcha|Protect|p1a: Sinistcha\n|-singleturn|p1a: Sinistcha|Protect\n|move|p2b: Incineroar|Parting Shot|p1b: Aggron\n|-unboost|p1b: Aggron|atk|1\n|-unboost|p1b: Aggron|spa|1\n|\n|t:|1776257910\n|switch|p2b: Torkoal|Torkoal, L50, M|100/100|[from] Parting Shot\n|-weather|SunnyDay|[from] ability: Drought|[of] p2b: Torkoal\n|move|p2a: Farigiraf|Trick Room|p2a: Farigiraf\n|-fieldstart|move: Trick Room|[of] p2a: Farigiraf\n|\n|-weather|SunnyDay|[upkeep]\n|upkeep\n|turn|2\n|\n|t:|1776257939\n|switch|p1b: Machamp|Machamp, L50, M|100/100\n|switch|p1a: Basculegion|Basculegion, L50, M|100/100\n|move|p2a: Farigiraf|Helping Hand|p2b: Torkoal\n|-singleturn|p2b: Torkoal|Helping Hand|[of] p2a: Farigiraf\n|move|p2b: Torkoal|Eruption|p1b: Machamp|[spread] p1a,p1b\n|-resisted|p1a: Basculegion|1\n|-damage|p1a: Basculegion|50/100\n|-damage|p1b: Machamp|0 fnt\n|faint|p1b: Machamp\n|\n|-weather|SunnyDay|[upkeep]\n|upkeep\n|\n|t:|1776257955\n|switch|p1b: Sinistcha|Sinistcha, L50|100/100\n|-heal|p1a: Basculegion|75/100|[from] ability: Hospitality|[of] p1b: Sinistcha\n|turn|3\n|\n|t:|1776257964\n|move|p1b: Sinistcha|Rage Powder|p1b: Sinistcha\n|-singleturn|p1b: Sinistcha|move: Rage Powder\n|move|p2b: Torkoal|Eruption|p1a: Basculegion|[spread] p1a,p1b\n|-resisted|p1a: Basculegion|1\n|-supereffective|p1b: Sinistcha|1\n|-damage|p1a: Basculegion|40/100\n|-damage|p1b: Sinistcha|0 fnt\n|faint|p1b: Sinistcha\n|move|p2a: Farigiraf|Twin Beam|p1a: Basculegion\n|-damage|p1a: Basculegion|23/100\n|-damage|p1a: Basculegion|7/100\n|-hitcount|p1a: Basculegion|2\n|move|p1a: Basculegion|Wave Crash|p2b: Torkoal\n|-supereffective|p2b: Torkoal|1\n|-damage|p2b: Torkoal|51/100\n|-damage|p1a: Basculegion|0 fnt|[from] Recoil\n|faint|p1a: Basculegion\n|\n|-weather|SunnyDay|[upkeep]\n|upkeep\n|\n|t:|1776257972\n|switch|p1b: Aggron|Aggron, L50, F|100/100\n|turn|4\n|\n|t:|1776257982\n|detailschange|p1b: Aggron|Aggron-Mega, L50, F\n|-mega|p1b: Aggron|Aggron|Aggronite\n|move|p2a: Farigiraf|Helping Hand|p2b: Torkoal\n|-singleturn|p2b: Torkoal|Helping Hand|[of] p2a: Farigiraf\n|move|p2b: Torkoal|Weather Ball|p1b: Aggron\n|-supereffective|p1b: Aggron|1\n|-damage|p1b: Aggron|0 fnt\n|faint|p1b: Aggron\n|\n|win|grushuri\n|raw|fartinhalerr27's rating: 1136 &rarr; <strong>1108</strong><br />(-28 for losing)\n|raw|grushuri's rating: 1096 &rarr; <strong>1125</strong><br />(+29 for winning)\n",
  "uploadtime": 1776257990,
  "views": 28,
  "formatid": "gen9championsvgc2026regma",
  "rating": 1108,
  "private": 0,
  "password": null
}