{
  "id": "gen9championsvgc2026regma-2583224612",
  "format": "[Gen 9 Champions] VGC 2026 Reg M-A",
  "players": [
    "henitusec",
    "thecsm"
  ],
  "log": "|j|\u2606henitusec\n|j|\u2606thecsm\n|t:|1776156689\n|gametype|doubles\n|player|p1|henitusec|volo|1129\n|player|p2|thecsm|266|1074\n|gen|9\n|tier|[Gen 9 Champions] VGC 2026 Reg M-A\n|rated|\n|rule|Species Clause: Limit one of each Pok\u00e9mon\n|rule|Item Clause: Limit 1 of each item\n|clearpoke\n|poke|p1|Gardevoir, L50, F|\n|poke|p1|Aegislash, L50, M|\n|poke|p1|Incineroar, L50, F|\n|poke|p1|Vivillon-Polar, L50, F|\n|poke|p1|Hydreigon, L50, M|\n|poke|p1|Tauros-Paldea-Aqua, L50, M|\n|poke|p2|Tyranitar, L50, F|\n|poke|p2|Garchomp, L50, M|\n|poke|p2|Corviknight, L50, M|\n|poke|p2|Sneasler, L50, F|\n|poke|p2|Rotom-Wash, L50|\n|poke|p2|Sinistcha, L50|\n|teampreview|4\n|inactive|Battle timer is ON: inactive players will automatically lose when time's up. (requested by henitusec)\nhenitusec rejected open team sheets.\n|inactive|thecsm has 60 seconds left.\n|\n|t:|1776156721\n|teamsize|p1|4\n|teamsize|p2|4\n|start\n|switch|p1a: Incineroar|Incineroar, L50, F|100/100\n|switch|p1b: Tauros|Tauros-Paldea-Aqua, L50, M|100/100\n|switch|p2a: Garchomp|Garchomp, L50, M|100/100\n|switch|p2b: Tyranitar|Tyranitar, L50, F|100/100\n|-ability|p1b: Tauros|Intimidate|boost\n|-unboost|p2a: Garchomp|atk|1\n|-unboost|p2b: Tyranitar|atk|1\n|-weather|Sandstorm|[from] ability: Sand Stream|[of] p2b: Tyranitar\n|-ability|p1a: Incineroar|Intimidate|boost\n|-unboost|p2a: Garchomp|atk|1\n|-unboost|p2b: Tyranitar|atk|1\n|turn|1\n|inactive|henitusec has 30 seconds left.\n|\n|t:|1776156754\n|switch|p2b: Sinistcha|Sinistcha, L50|100/100\n|move|p1a: Incineroar|Fake Out|p2b: Sinistcha\n|-immune|p2b: Sinistcha\n|move|p2a: Garchomp|Earthquake|p1b: Tauros|[spread] p2b,p1a,p1b\n|-resisted|p2b: Sinistcha|1\n|-crit|p2b: Sinistcha\n|-supereffective|p1a: Incineroar|1\n|-damage|p2b: Sinistcha|72/100\n|-damage|p1a: Incineroar|67/100\n|-damage|p1b: Tauros|80/100\n|move|p1b: Tauros|Wave Crash|p2b: Sinistcha\n|-resisted|p2b: Sinistcha|1\n|-damage|p2b: Sinistcha|40/100\n|-enditem|p2b: Sinistcha|Sitrus Berry|[eat]\n|-heal|p2b: Sinistcha|65/100|[from] item: Sitrus Berry\n|-damage|p1b: Tauros|70/100|[from] Recoil\n|\n|-weather|Sandstorm|[upkeep]\n|-damage|p1b: Tauros|63/100|[from] Sandstorm\n|-damage|p2b: Sinistcha|58/100|[from] Sandstorm\n|-damage|p1a: Incineroar|61/100|[from] Sandstorm\n|upkeep\n|turn|2\n|\n|t:|1776156774\n|move|p1b: Tauros|Protect|p1b: Tauros\n|-singleturn|p1b: Tauros|Protect\n|move|p2b: Sinistcha|Protect|p2b: Sinistcha\n|-singleturn|p2b: Sinistcha|Protect\n|move|p2a: Garchomp|Earthquake|p1a: Incineroar|[spread] p1a\n|-activate|p2b: Sinistcha|move: Protect\n|-activate|p1b: Tauros|move: Protect\n|-supereffective|p1a: Incineroar|1\n|-damage|p1a: Incineroar|25/100\n|-enditem|p1a: Incineroar|Sitrus Berry|[eat]\n|-heal|p1a: Incineroar|50/100|[from] item: Sitrus Berry\n|move|p1a: Incineroar|Parting Shot|p2a: Garchomp\n|-unboost|p2a: Garchomp|atk|1\n|-unboost|p2a: Garchomp|spa|1\n|\n|t:|1776156795\n|switch|p1a: Gardevoir|Gardevoir, L50, F, shiny|100/100|[from] Parting Shot\n|-ability|p1a: Gardevoir|Hospitality|Trace|[from] ability: Trace|[of] p2b: Sinistcha\n|-heal|p1b: Tauros|88/100|[from] ability: Hospitality|[of] p1a: Gardevoir\n|\n|-weather|Sandstorm|[upkeep]\n|-damage|p1b: Tauros|82/100|[from] Sandstorm\n|-damage|p1a: Gardevoir|95/100|[from] Sandstorm\n|-damage|p2b: Sinistcha|52/100|[from] Sandstorm\n|upkeep\n|turn|3\n|\n|t:|1776156804\n|switch|p2a: Tyranitar|Tyranitar, L50, F|100/100\n|detailschange|p1a: Gardevoir|Gardevoir-Mega, L50, F, shiny\n|-mega|p1a: Gardevoir|Gardevoir|Gardevoirite\n|move|p2b: Sinistcha|Rage Powder|p2b: Sinistcha\n|-singleturn|p2b: Sinistcha|move: Rage Powder\n|move|p1a: Gardevoir|Hyper Voice|p2a: Tyranitar|[spread] p2a,p2b\n|-supereffective|p2a: Tyranitar|1\n|-damage|p2a: Tyranitar|33/100\n|-damage|p2b: Sinistcha|9/100\n|move|p1b: Tauros|Wave Crash|p2b: Sinistcha\n|-resisted|p2b: Sinistcha|1\n|-damage|p2b: Sinistcha|0 fnt\n|faint|p2b: Sinistcha\n|-damage|p1b: Tauros|80/100|[from] Recoil\n|\n|-weather|Sandstorm|[upkeep]\n|-damage|p1a: Gardevoir|89/100|[from] Sandstorm\n|-damage|p1b: Tauros|73/100|[from] Sandstorm\n|upkeep\n|-message|thecsm forfeited.\n|\n|win|henitusec\n|raw|henitusec's rating: 1129 &rarr; <strong>1150</strong><br />(+21 for winning)\n|raw|thecsm's rating: 1074 &rarr; <strong>1056</strong><br />(-18 for losing)\n",
  "uploadtime": 1776156827,
  "views": 17,
  "formatid": "gen9championsvgc2026regma",
  "rating": 1056,
  "private": 0,
  "password": null
}