{
  "id": "gen9championsvgc2026regma-2583881832",
  "format": "[Gen 9 Champions] VGC 2026 Reg M-A",
  "players": [
    "spiketrap221",
    "mee3ee3p"
  ],
  "log": "|j|\u2606spiketrap221\n|j|\u2606mee3ee3p\n|t:|1776205121\n|gametype|doubles\n|player|p1|spiketrap221|170|1000\n|player|p2|mee3ee3p|169|1000\n|gen|9\n|tier|[Gen 9 Champions] VGC 2026 Reg M-A\n|rated|\n|rule|Species Clause: Limit one of each Pok\u00e9mon\n|rule|Item Clause: Limit 1 of each item\n|clearpoke\n|poke|p1|Politoed, L50, M|\n|poke|p1|Archaludon, L50, F|\n|poke|p1|Starmie, L50|\n|poke|p1|Basculegion, L50, M|\n|poke|p1|Gengar, L50, M|\n|poke|p1|Incineroar, L50, F|\n|poke|p2|Pelipper, L50, F|\n|poke|p2|Archaludon, L50, M|\n|poke|p2|Basculegion, L50, M|\n|poke|p2|Sneasler, L50, F|\n|poke|p2|Incineroar, L50, F|\n|poke|p2|Starmie, L50|\n|teampreview|4\n|inactive|Battle timer is ON: inactive players will automatically lose when time's up. (requested by spiketrap221)\n|inactive|mee3ee3p has 60 seconds left.\n|\n|t:|1776205181\n|teamsize|p1|4\n|teamsize|p2|4\n|start\n|switch|p1a: Gengar|Gengar, L50, M|100/100\n|switch|p1b: Incineroar|Incineroar, L50, F|100/100\n|switch|p2a: Pelipper|Pelipper, L50, F|100/100\n|switch|p2b: Sneasler|Sneasler, L50, F|100/100\n|-weather|RainDance|[from] ability: Drizzle|[of] p2a: Pelipper\n|-ability|p1b: Incineroar|Intimidate|boost\n|-unboost|p2a: Pelipper|atk|1\n|-unboost|p2b: Sneasler|atk|1\n|-enditem|p2b: Sneasler|White Herb\n|-clearnegativeboost|p2b: Sneasler|[silent]\n|turn|1\n|\n|t:|1776205204\n|detailschange|p1a: Gengar|Gengar-Mega, L50, M\n|-mega|p1a: Gengar|Gengar|Gengarite\n|move|p2b: Sneasler|Fake Out|p1b: Incineroar\n|-damage|p1b: Incineroar|87/100\n|cant|p1b: Incineroar|flinch\n|move|p1a: Gengar|Perish Song|p1a: Gengar\n|-start|p1a: Gengar|perish3|[silent]\n|-start|p1b: Incineroar|perish3|[silent]\n|-start|p2a: Pelipper|perish3|[silent]\n|-start|p2b: Sneasler|perish3|[silent]\n|-fieldactivate|move: Perish Song\n|move|p2a: Pelipper|Tailwind|p2a: Pelipper\n|-sidestart|p2: mee3ee3p|move: Tailwind\n|\n|-weather|RainDance|[upkeep]\n|-start|p2b: Sneasler|perish3\n|-start|p2a: Pelipper|perish3\n|-start|p1a: Gengar|perish3\n|-start|p1b: Incineroar|perish3\n|upkeep\n|turn|2\n|\n|t:|1776205224\n|move|p1a: Gengar|Protect|p1a: Gengar\n|-singleturn|p1a: Gengar|Protect\n|move|p1b: Incineroar|Protect|p1b: Incineroar\n|-singleturn|p1b: Incineroar|Protect\n|move|p2b: Sneasler|Close Combat|p1b: Incineroar\n|-activate|p1b: Incineroar|move: Protect\n|move|p2a: Pelipper|Muddy Water|p1a: Gengar|[spread] \n|-activate|p1a: Gengar|move: Protect\n|-activate|p1b: Incineroar|move: Protect\n|\n|-weather|RainDance|[upkeep]\n|-start|p2b: Sneasler|perish2\n|-start|p2a: Pelipper|perish2\n|-start|p1a: Gengar|perish2\n|-start|p1b: Incineroar|perish2\n|upkeep\n|turn|3\n|inactive|spiketrap221 has 30 seconds left.\n|\n|t:|1776205254\n|switch|p1a: Archaludon|Archaludon, L50, F|100/100\n|move|p2b: Sneasler|Dire Claw|p1a: Archaludon\n|-immune|p1a: Archaludon\n|move|p2a: Pelipper|Muddy Water|p1a: Archaludon|[spread] p1a,p1b\n|-resisted|p1a: Archaludon|1\n|-supereffective|p1b: Incineroar|1\n|-damage|p1a: Archaludon|71/100\n|-damage|p1b: Incineroar|23/100\n|-unboost|p1b: Incineroar|accuracy|1\n|move|p1b: Incineroar|Parting Shot|p2b: Sneasler\n|-unboost|p2b: Sneasler|atk|1\n|-unboost|p2b: Sneasler|spa|1\n|\n|t:|1776205270\n|switch|p1b: Gengar|Gengar-Mega, L50, M|100/100|[from] Parting Shot\n|\n|-weather|RainDance|[upkeep]\n|-start|p2b: Sneasler|perish1\n|-start|p2a: Pelipper|perish1\n|upkeep\n|turn|4\n|\n|t:|1776205289\n|move|p1b: Gengar|Protect|p1b: Gengar\n|-singleturn|p1b: Gengar|Protect\n|move|p1a: Archaludon|Protect|p1a: Archaludon\n|-singleturn|p1a: Archaludon|Protect\n|move|p2b: Sneasler|Close Combat|p1a: Archaludon\n|-activate|p1a: Archaludon|move: Protect\n|move|p2a: Pelipper|Muddy Water|p1b: Gengar|[spread] \n|-activate|p1a: Archaludon|move: Protect\n|-activate|p1b: Gengar|move: Protect\n|\n|-weather|RainDance|[upkeep]\n|-start|p2b: Sneasler|perish0\n|-start|p2a: Pelipper|perish0\n|-sideend|p2: mee3ee3p|move: Tailwind\n|faint|p2b: Sneasler\n|faint|p2a: Pelipper\n|upkeep\n|-message|mee3ee3p forfeited.\n|\n|win|spiketrap221\n|raw|spiketrap221's rating: 1000 &rarr; <strong>1040</strong><br />(+40 for winning)\n|raw|mee3ee3p's rating: 1000 &rarr; <strong>1000</strong><br />(+0 for losing)\n|l|\u2606mee3ee3p\n|player|p2|\n",
  "uploadtime": 1776205897,
  "views": 22,
  "formatid": "gen9championsvgc2026regma",
  "rating": 1000,
  "private": 0,
  "password": null
}