{
  "id": "gen9championsvgc2026regma-2582416849",
  "format": "[Gen 9 Champions] VGC 2026 Reg M-A",
  "players": [
    "koen2003",
    "SimMikaze"
  ],
  "log": "|j|\u2606koen2003\n|j|\u2606SimMikaze\n|t:|1776090296\n|gametype|doubles\n|player|p1|koen2003|2|1296\n|player|p2|SimMikaze|miku-ghost|1356\n|gen|9\n|tier|[Gen 9 Champions] VGC 2026 Reg M-A\n|rated|\n|rule|Species Clause: Limit one of each Pok\u00e9mon\n|rule|Item Clause: Limit 1 of each item\n|clearpoke\n|poke|p1|Crabominable, L50, F|\n|poke|p1|Farigiraf, L50, F|\n|poke|p1|Torkoal, L50, F|\n|poke|p1|Incineroar, L50, M|\n|poke|p1|Mimikyu, L50, M|\n|poke|p1|Ninetales-Alola, L50, F|\n|poke|p2|Floette-Eternal, L50, F|\n|poke|p2|Maushold-Four, L50|\n|poke|p2|Garchomp, L50, F|\n|poke|p2|Talonflame, L50, F|\n|poke|p2|Incineroar, L50, M|\n|poke|p2|Blastoise, L50, M|\n|teampreview|4\n|\n|t:|1776090349\n|teamsize|p1|4\n|teamsize|p2|4\n|start\n|switch|p1a: Farigiraf|Farigiraf, L50, F|100/100\n|switch|p1b: Incineroar|Incineroar, L50, M|100/100\n|switch|p2a: Floette|Floette-Eternal, L50, F|100/100\n|switch|p2b: Maushold|Maushold-Four, L50|100/100\n|-ability|p1b: Incineroar|Intimidate|boost\n|-unboost|p2a: Floette|atk|1\n|-unboost|p2b: Maushold|atk|1\n|turn|1\n|\n|t:|1776090369\n|detailschange|p2a: Floette|Floette-Mega, L50, F\n|-mega|p2a: Floette|Floette|Floettite\n|-ability|p2a: Floette|Fairy Aura\n|move|p1b: Incineroar|Fake Out|p2a: Floette\n|-damage|p2a: Floette|92/100\n|move|p2b: Maushold|Taunt|p1a: Farigiraf\n|-start|p1a: Farigiraf|move: Taunt\n|-enditem|p1a: Farigiraf|Mental Herb\n|-end|p1a: Farigiraf|move: Taunt\n|cant|p2a: Floette|flinch\n|move|p1a: Farigiraf|Trick Room|p1a: Farigiraf\n|-fieldstart|move: Trick Room|[of] p1a: Farigiraf\n|\n|upkeep\n|turn|2\n|\n|t:|1776090414\n|move|p1a: Farigiraf|Protect|p1a: Farigiraf\n|-singleturn|p1a: Farigiraf|Protect\n|move|p1b: Incineroar|Flare Blitz|p2a: Floette\n|-damage|p2a: Floette|55/100\n|-damage|p1b: Incineroar|90/100|[from] Recoil\n|move|p2a: Floette|Calm Mind|p2a: Floette\n|-boost|p2a: Floette|spa|1\n|-boost|p2a: Floette|spd|1\n|move|p2b: Maushold|Super Fang|p1a: Farigiraf\n|-activate|p1a: Farigiraf|move: Protect\n|\n|upkeep\n|turn|3\n|\n|t:|1776090459\n|switch|p1a: Ninetales|Ninetales-Alola, L50, F|100/100\n|-weather|Snowscape|[from] ability: Snow Warning|[of] p1a: Ninetales\n|move|p2b: Maushold|Follow Me|p2b: Maushold\n|-singleturn|p2b: Maushold|move: Follow Me\n|move|p1b: Incineroar|Parting Shot|p2b: Maushold\n|-unboost|p2b: Maushold|atk|1\n|-unboost|p2b: Maushold|spa|1\n|\n|t:|1776090468\n|switch|p1b: Crabominable|Crabominable, L50, F|100/100|[from] Parting Shot\n|move|p2a: Floette|Dazzling Gleam|p1b: Crabominable|[spread] p1a,p1b\n|-supereffective|p1b: Crabominable|1\n|-damage|p1a: Ninetales|25/100\n|-damage|p1b: Crabominable|0 fnt\n|faint|p1b: Crabominable\n|\n|-weather|Snowscape|[upkeep]\n|upkeep\n|-message|koen2003 forfeited.\n|\n|win|SimMikaze\n|raw|koen2003's rating: 1296 &rarr; <strong>1275</strong><br />(-21 for losing)\n|raw|SimMikaze's rating: 1356 &rarr; <strong>1373</strong><br />(+17 for winning)\n|l|\u2606koen2003\n|player|p1|\n",
  "uploadtime": 1776090485,
  "views": 32,
  "formatid": "gen9championsvgc2026regma",
  "rating": 1275,
  "private": 0,
  "password": null
}