{
  "id": "gen9championsvgc2026regma-2580652438",
  "format": "[Gen 9 Champions] VGC 2026 Reg M-A",
  "players": [
    "makoyouidiot",
    "Tab1t"
  ],
  "log": "|j|\u2606makoyouidiot\n|j|\u2606Tab1t\n|t:|1775921495\n|gametype|doubles\n|player|p1|makoyouidiot|acetrainersnow|1170\n|player|p2|Tab1t|nate|1144\n|gen|9\n|tier|[Gen 9 Champions] VGC 2026 Reg M-A\n|rated|\n|rule|Species Clause: Limit one of each Pok\u00e9mon\n|rule|Item Clause: Limit 1 of each item\n|clearpoke\n|poke|p1|Charizard, L50, M|\n|poke|p1|Aerodactyl, L50, M|\n|poke|p1|Serperior, L50, M|\n|poke|p1|Tyrantrum, L50, M|\n|poke|p1|Oranguru, L50, F|\n|poke|p1|Torkoal, L50, M|\n|poke|p2|Delphox, L50, F|\n|poke|p2|Sinistcha-Masterpiece, L50|\n|poke|p2|Kingambit, L50, M|\n|poke|p2|Primarina, L50, F|\n|poke|p2|Aurorus, L50, M|\n|poke|p2|Sneasler, L50, F|\n|teampreview|4\n|\n|t:|1775921562\n|teamsize|p1|4\n|teamsize|p2|4\n|start\n|switch|p1a: Oranguru|Oranguru, L50, F|100/100\n|switch|p1b: Torkoal|Torkoal, L50, M|100/100\n|switch|p2a: Primarina|Primarina, L50, F|100/100\n|switch|p2b: Delphox|Delphox, L50, F|100/100\n|-weather|SunnyDay|[from] ability: Drought|[of] p1b: Torkoal\n|turn|1\n|\n|t:|1775921586\n|detailschange|p2b: Delphox|Delphox-Mega, L50, F\n|-mega|p2b: Delphox|Delphox|Delphoxite\n|move|p1b: Torkoal|Protect|p1b: Torkoal\n|-singleturn|p1b: Torkoal|Protect\n|move|p2b: Delphox|Heat Wave|p1a: Oranguru|[spread] p1a\n|-activate|p1b: Torkoal|move: Protect\n|-damage|p1a: Oranguru|50/100\n|-enditem|p1a: Oranguru|Sitrus Berry|[eat]\n|-heal|p1a: Oranguru|75/100|[from] item: Sitrus Berry\n|move|p2a: Primarina|Hyper Voice|p1b: Torkoal|[spread] p1a\n|-activate|p1b: Torkoal|move: Protect\n|-damage|p1a: Oranguru|59/100\n|move|p1a: Oranguru|Trick Room|p1a: Oranguru\n|-fieldstart|move: Trick Room|[of] p1a: Oranguru\n|\n|-weather|SunnyDay|[upkeep]\n|upkeep\n|turn|2\n|\n|t:|1775921607\n|switch|p2b: Aurorus|Aurorus, L50, M|100/100\n|-weather|Snowscape|[from] ability: Snow Warning|[of] p2b: Aurorus\n|move|p1b: Torkoal|Eruption|p2b: Aurorus|[spread] p2a,p2b\n|-resisted|p2a: Primarina|1\n|-crit|p2b: Aurorus\n|-damage|p2a: Primarina|76/100\n|-damage|p2b: Aurorus|41/100\n|move|p2a: Primarina|Hyper Voice|p1b: Torkoal|[spread] p1a,p1b\n|-supereffective|p1b: Torkoal|1\n|-damage|p1a: Oranguru|30/100\n|-damage|p1b: Torkoal|8/100\n|move|p1a: Oranguru|Instruct|p1b: Torkoal\n|-singleturn|p1b: Torkoal|move: Instruct|[of] p1a: Oranguru\n|move|p1b: Torkoal|Eruption|p2b: Aurorus|[spread] p2a,p2b\n|-resisted|p2a: Primarina|1\n|-damage|p2a: Primarina|75/100\n|-damage|p2b: Aurorus|38/100\n|\n|-weather|Snowscape|[upkeep]\n|-heal|p2a: Primarina|81/100|[from] item: Leftovers\n|upkeep\n|turn|3\n|\n|t:|1775921636\n|move|p1b: Torkoal|Heat Wave|p2a: Primarina|[spread] p2b\n|-miss|p1b: Torkoal|p2a: Primarina\n|-damage|p2b: Aurorus|12/100\n|move|p2b: Aurorus|Aurora Veil|p2b: Aurorus\n|-sidestart|p2: Tab1t|move: Aurora Veil\n|move|p2a: Primarina|Hyper Voice|p1a: Oranguru|[spread] p1a,p1b\n|-supereffective|p1b: Torkoal|1\n|-damage|p1a: Oranguru|0 fnt\n|-damage|p1b: Torkoal|0 fnt\n|faint|p1a: Oranguru\n|faint|p1b: Torkoal\n|\n|-weather|Snowscape|[upkeep]\n|-heal|p2a: Primarina|87/100|[from] item: Leftovers\n|upkeep\n|\n|t:|1775921651\n|switch|p1b: Tyrantrum|Tyrantrum, L50, M|100/100\n|switch|p1a: Serperior|Serperior, L50, M|100/100\n|turn|4\n|\n|t:|1775921671\n|move|p2b: Aurorus|Blizzard|p1a: Serperior|[spread] p1a,p1b\n|-supereffective|p1a: Serperior|1\n|-supereffective|p1b: Tyrantrum|1\n|-damage|p1a: Serperior|12/100\n|-damage|p1b: Tyrantrum|16/100\n|move|p2a: Primarina|Hyper Voice|p1b: Tyrantrum|[spread] p1a,p1b\n|-resisted|p1a: Serperior|1\n|-crit|p1b: Tyrantrum\n|-damage|p1a: Serperior|0 fnt\n|-damage|p1b: Tyrantrum|0 fnt\n|faint|p1a: Serperior\n|faint|p1b: Tyrantrum\n|\n|win|Tab1t\n|raw|makoyouidiot's rating: 1170 &rarr; <strong>1143</strong><br />(-27 for losing)\n|raw|Tab1t's rating: 1144 &rarr; <strong>1171</strong><br />(+27 for winning)\n|l|\u2606Tab1t\n|player|p2|\n",
  "uploadtime": 1775921686,
  "views": 24,
  "formatid": "gen9championsvgc2026regma",
  "rating": 1143,
  "private": 0,
  "password": null
}