{
  "id": "gen9championsvgc2026regma-2583567029",
  "format": "[Gen 9 Champions] VGC 2026 Reg M-A",
  "players": [
    "wakaranay",
    "fdrgsfafawdawd"
  ],
  "log": "|j|\u2606wakaranay\n|j|\u2606fdrgsfafawdawd\n|t:|1776183756\n|gametype|doubles\n|player|p1|wakaranay|101|1074\n|player|p2|fdrgsfafawdawd|palmer|1000\n|gen|9\n|tier|[Gen 9 Champions] VGC 2026 Reg M-A\n|rated|\n|rule|Species Clause: Limit one of each Pok\u00e9mon\n|rule|Item Clause: Limit 1 of each item\n|clearpoke\n|poke|p1|Meganium, L50, M|\n|poke|p1|Aerodactyl, L50, M|\n|poke|p1|Tauros-Paldea-Aqua, L50, M|\n|poke|p1|Typhlosion-Hisui, L50, M|\n|poke|p1|Archaludon, L50, F|\n|poke|p1|Kangaskhan, L50, F|\n|poke|p2|Meowstic, L50, M|\n|poke|p2|Chesnaught, L50, F|\n|poke|p2|Kingambit, L50, F|\n|poke|p2|Gardevoir, L50, F|\n|poke|p2|Audino, L50, M|\n|poke|p2|Garganacl, L50, M|\n|teampreview|4\n|inactive|Battle timer is ON: inactive players will automatically lose when time's up. (requested by fdrgsfafawdawd)\nfdrgsfafawdawd rejected open team sheets.\n|inactive|fdrgsfafawdawd has 60 seconds left.\n|\n|t:|1776183809\n|teamsize|p1|4\n|teamsize|p2|4\n|start\n|switch|p1a: Meganium|Meganium, L50, M|100/100\n|switch|p1b: Aerodactyl|Aerodactyl, L50, M|100/100\n|switch|p2a: Kingambit|Kingambit, L50, F, shiny|100/100\n|switch|p2b: Audino|Audino, L50, M, shiny|100/100\n|-ability|p1b: Aerodactyl|Unnerve\n|turn|1\n|\n|t:|1776183835\n|detailschange|p1a: Meganium|Meganium-Mega, L50, M\n|-mega|p1a: Meganium|Meganium|Meganiumite\n|move|p1a: Meganium|Protect|p1a: Meganium\n|-singleturn|p1a: Meganium|Protect\n|move|p1b: Aerodactyl|Tailwind|p1b: Aerodactyl\n|-sidestart|p1: wakaranay|move: Tailwind\n|move|p2a: Kingambit|Swords Dance|p2a: Kingambit\n|-boost|p2a: Kingambit|atk|2\n|move|p2b: Audino|Encore|p1b: Aerodactyl\n|-start|p1b: Aerodactyl|Encore\n|\n|upkeep\n|turn|2\n|\n|t:|1776183848\n|move|p2a: Kingambit|Protect|p2a: Kingambit\n|-singleturn|p2a: Kingambit|Protect\n|move|p1b: Aerodactyl|Tailwind||[still]\n|-fail|p1b: Aerodactyl\n|move|p1a: Meganium|Weather Ball|p2a: Kingambit\n|-activate|p2a: Kingambit|move: Protect\n|move|p2b: Audino|Trick Room|p2b: Audino\n|-fieldstart|move: Trick Room|[of] p2b: Audino\n|\n|upkeep\n|turn|3\n|-message|wakaranay forfeited.\n|\n|win|fdrgsfafawdawd\n|raw|wakaranay's rating: 1074 &rarr; <strong>1048</strong><br />(-26 for losing)\n|raw|fdrgsfafawdawd's rating: 1000 &rarr; <strong>1048</strong><br />(+48 for winning)\n|l|\u2606wakaranay\n|player|p1|\n|c|\u2606fdrgsfafawdawd|gg ez\n",
  "uploadtime": 1776183862,
  "views": 14,
  "formatid": "gen9championsvgc2026regma",
  "rating": 1048,
  "private": 0,
  "password": null
}