{
  "id": "gen9championsvgc2026regma-2587925949",
  "format": "[Gen 9 Champions] VGC 2026 Reg M-A",
  "players": [
    "Danno15",
    "tinyyyy"
  ],
  "log": "|j|\u2606Danno15\n|j|\u2606tinyyyy\n|t:|1776580002\n|gametype|doubles\n|player|p1|Danno15|169|1420\n|player|p2|tinyyyy|iono|1461\n|gen|9\n|tier|[Gen 9 Champions] VGC 2026 Reg M-A\n|rated|\n|rule|Species Clause: Limit one of each Pok\u00e9mon\n|rule|Item Clause: Limit 1 of each item\n|clearpoke\n|poke|p1|Drampa, L50, M|\n|poke|p1|Primarina, L50, F|\n|poke|p1|Farigiraf, L50, F|\n|poke|p1|Kingambit, L50, M|\n|poke|p1|Sinistcha, L50|\n|poke|p1|Golurk, L50|\n|poke|p2|Floette-Eternal, L50, F|\n|poke|p2|Aerodactyl, L50, F|\n|poke|p2|Delphox, L50, F|\n|poke|p2|Garchomp, L50, F|\n|poke|p2|Kingambit, L50, M|\n|poke|p2|Sneasler, L50, M|\n|teampreview|4\n|j| fulimba\n|inactive|Battle timer is ON: inactive players will automatically lose when time's up. (requested by Danno15)\n|j| Pokuchu\n|\n|t:|1776580043\n|teamsize|p1|4\n|teamsize|p2|4\n|start\n|switch|p1a: Farigiraf|Farigiraf, L50, F|100/100\n|switch|p1b: Golurk|Golurk, L50|100/100\n|switch|p2a: Floette|Floette-Eternal, L50, F|100/100\n|switch|p2b: Kingambit|Kingambit, L50, M|100/100\n|turn|1\n|inactive|tinyyyy has 30 seconds left.\n|inactive|tinyyyy has 20 seconds left.\n|inactive|tinyyyy has 15 seconds left.\n|\n|t:|1776580085\n|detailschange|p2a: Floette|Floette-Mega, L50, F\n|-mega|p2a: Floette|Floette|Floettite\n|-ability|p2a: Floette|Fairy Aura\n|detailschange|p1b: Golurk|Golurk-Mega, L50\n|-mega|p1b: Golurk|Golurk|Golurkite\n|move|p2a: Floette|Dazzling Gleam|p1b: Golurk|[spread] p1a,p1b\n|-damage|p1a: Farigiraf|56/100\n|-damage|p1b: Golurk|58/100\n|move|p2b: Kingambit|Kowtow Cleave|p1a: Farigiraf\n|-supereffective|p1a: Farigiraf|1\n|-damage|p1a: Farigiraf|0 fnt\n|faint|p1a: Farigiraf\n|move|p1b: Golurk|Headlong Rush|p2b: Kingambit\n|-supereffective|p2b: Kingambit|1\n|-damage|p2b: Kingambit|0 fnt\n|-unboost|p1b: Golurk|def|1\n|-unboost|p1b: Golurk|spd|1\n|faint|p2b: Kingambit\n|\n|upkeep\n|\n|t:|1776580111\n|switch|p1a: Kingambit|Kingambit, L50, M|100/100\n|switch|p2b: Sneasler|Sneasler, L50, M|100/100\n|turn|2\n|\n|t:|1776580122\n|switch|p1a: Primarina|Primarina, L50, F|100/100\n|move|p1b: Golurk|Protect|p1b: Golurk\n|-singleturn|p1b: Golurk|Protect\n|move|p2b: Sneasler|Fake Out|p1a: Primarina\n|-damage|p1a: Primarina|83/100\n|move|p2a: Floette|Moonblast|p1b: Golurk\n|-activate|p1b: Golurk|move: Protect\n|\n|-heal|p1a: Primarina|89/100|[from] item: Leftovers\n|upkeep\n|turn|3\n|\n|t:|1776580142\n|switch|p1a: Kingambit|Kingambit, L50, M|100/100\n|move|p2b: Sneasler|Dire Claw|p1a: Kingambit\n|-immune|p1a: Kingambit\n|move|p2a: Floette|Dazzling Gleam|p1b: Golurk|[spread] p1a,p1b\n|-damage|p1a: Kingambit|54/100\n|-damage|p1b: Golurk|0 fnt\n|faint|p1b: Golurk\n|\n|upkeep\n|-message|Danno15 forfeited.\n|\n|win|tinyyyy\n|raw|Danno15's rating: 1420 &rarr; <strong>1402</strong><br />(-18 for losing)\n|raw|tinyyyy's rating: 1461 &rarr; <strong>1479</strong><br />(+18 for winning)\n|l|\u2606Danno15\n|player|p1|\n|l|\u2606tinyyyy\n|player|p2|\n",
  "uploadtime": 1776580159,
  "views": 21,
  "formatid": "gen9championsvgc2026regma",
  "rating": 1402,
  "private": 0,
  "password": null
}