{
  "id": "gen9championsvgc2026regma-2584377273",
  "format": "[Gen 9 Champions] VGC 2026 Reg M-A",
  "players": [
    "Tankavenger",
    "Kirbo5500"
  ],
  "log": "|j|\u2606Tankavenger\n|j|\u2606Kirbo5500\n|t:|1776256246\n|gametype|doubles\n|player|p1|Tankavenger|preschooler|1083\n|player|p2|Kirbo5500|265|1085\n|gen|9\n|tier|[Gen 9 Champions] VGC 2026 Reg M-A\n|rated|\n|rule|Species Clause: Limit one of each Pok\u00e9mon\n|rule|Item Clause: Limit 1 of each item\n|clearpoke\n|poke|p1|Chandelure, L50, F|\n|poke|p1|Basculegion, L50, M|\n|poke|p1|Kingambit, L50, F|\n|poke|p1|Aerodactyl, L50, M|\n|poke|p1|Conkeldurr, L50, F|\n|poke|p1|Clefable, L50, F|\n|poke|p2|Meganium, L50, F|\n|poke|p2|Primarina, L50, F|\n|poke|p2|Incineroar, L50, M|\n|poke|p2|Hawlucha, L50, M|\n|poke|p2|Vivillon-Sun, L50, F|\n|poke|p2|Garchomp, L50, M|\n|teampreview|4\n|inactive|Battle timer is ON: inactive players will automatically lose when time's up. (requested by Tankavenger)\n|\n|t:|1776256279\n|teamsize|p1|4\n|teamsize|p2|4\n|start\n|switch|p1a: Clefable|Clefable, L50, F|100/100\n|switch|p1b: Chandelure|Chandelure, L50, F|100/100\n|switch|p2a: Garchomp|Garchomp, L50, M|100/100\n|switch|p2b: Vivillon|Vivillon-Sun, L50, F|100/100\n|turn|1\n|\n|t:|1776256302\n|move|p1a: Clefable|Follow Me|p1a: Clefable\n|-singleturn|p1a: Clefable|move: Follow Me\n|move|p2a: Garchomp|Earthquake|p1b: Chandelure|[spread] p1a,p1b\n|-immune|p2b: Vivillon\n|-crit|p1a: Clefable\n|-supereffective|p1b: Chandelure|1\n|-damage|p1a: Clefable|42/100\n|-damage|p1b: Chandelure|14/100\n|-enditem|p1a: Clefable|Sitrus Berry|[eat]\n|-heal|p1a: Clefable|67/100|[from] item: Sitrus Berry\n|move|p2b: Vivillon|Sleep Powder|p1a: Clefable\n|-status|p1a: Clefable|slp|[from] move: Sleep Powder\n|move|p1b: Chandelure|Trick Room|p1b: Chandelure\n|-fieldstart|move: Trick Room|[of] p1b: Chandelure\n|\n|upkeep\n|turn|2\n|\n|t:|1776256326\n|switch|p2b: Primarina|Primarina, L50, F|100/100\n|cant|p1a: Clefable|slp\n|move|p1b: Chandelure|Shadow Ball|p2a: Garchomp\n|-damage|p2a: Garchomp|47/100\n|move|p2a: Garchomp|Earthquake|p1b: Chandelure|[spread] p2b,p1a,p1b\n|-supereffective|p1b: Chandelure|1\n|-damage|p2b: Primarina|52/100\n|-damage|p1a: Clefable|26/100 slp\n|-damage|p1b: Chandelure|0 fnt\n|faint|p1b: Chandelure\n|\n|upkeep\n|\n|t:|1776256336\n|switch|p1b: Aerodactyl|Aerodactyl, L50, M|100/100\n|-ability|p1b: Aerodactyl|Unnerve\n|turn|3\n|\n|t:|1776256348\n|detailschange|p1b: Aerodactyl|Aerodactyl-Mega, L50, M\n|-mega|p1b: Aerodactyl|Aerodactyl|Aerodactylite\n|cant|p1a: Clefable|slp\n|move|p2b: Primarina|Hyper Voice|p1a: Clefable|[spread] p1a,p1b\n|-supereffective|p1b: Aerodactyl|1\n|-damage|p1a: Clefable|0 fnt\n|-damage|p1b: Aerodactyl|24/100\n|faint|p1a: Clefable\n|move|p2a: Garchomp|Breaking Swipe|p1b: Aerodactyl\n|-damage|p1b: Aerodactyl|0 fnt\n|faint|p1b: Aerodactyl\n|\n|upkeep\n|-message|Tankavenger forfeited.\n|\n|win|Kirbo5500\n|raw|Tankavenger's rating: 1083 &rarr; <strong>1061</strong><br />(-22 for losing)\n|raw|Kirbo5500's rating: 1085 &rarr; <strong>1112</strong><br />(+27 for winning)\n|l|\u2606Tankavenger\n|player|p1|\n",
  "uploadtime": 1776256363,
  "views": 20,
  "formatid": "gen9championsvgc2026regma",
  "rating": 1061,
  "private": 0,
  "password": null
}