{
  "id": "gen9championsvgc2026regma-2585327698",
  "format": "[Gen 9 Champions] VGC 2026 Reg M-A",
  "players": [
    "gackajink",
    "lolgz"
  ],
  "log": "|j|\u2606gackajink\n|j|\u2606lolgz\n|t:|1776338205\n|gametype|doubles\n|player|p1|gackajink|miku-flying|\n|player|p2|lolgz|dawn|\n|gen|9\n|tier|[Gen 9 Champions] VGC 2026 Reg M-A\n|rated|Tournament battle\n|rule|Species Clause: Limit one of each Pok\u00e9mon\n|rule|Item Clause: Limit 1 of each item\n|raw|<div class=\"infobox\"><details class=\"readmore\" open><summary><strong>1 custom rule:</strong></summary> force open teamsheets</details></div>\n|clearpoke\n|poke|p1|Alakazam, L50, F|\n|poke|p1|Meowstic, L50, M|\n|poke|p1|Sneasler, L50, M|\n|poke|p1|Talonflame, L50, M|\n|poke|p1|Tinkaton, L50, F|\n|poke|p1|Kingambit, L50, M|\n|poke|p2|Kingambit, L50, M|\n|poke|p2|Sneasler, L50, M|\n|poke|p2|Floette-Eternal, L50, F|\n|poke|p2|Garchomp, L50, M|\n|poke|p2|Aerodactyl, L50, F|\n|poke|p2|Delphox, L50, M|\n|teampreview|4\n|showteam|p1|Alakazam||Alakazite|InnerFocus|NastyPlot,ExpandingForce,FocusBlast,Protect|||F|||50|]Meowstic||Meowsticite|Prankster|FakeOut,PsychicTerrain,MagicRoom,ExpandingForce|||M|||50|]Sneasler||WhiteHerb|Unburden|FakeOut,CloseCombat,DireClaw,Protect|||M|||50|]Talonflame||SharpBeak|GaleWings|Tailwind,DualWingbeat,Protect,FlareBlitz|||M|||50|]Tinkaton||MetalCoat|MoldBreaker|FakeOut,GigatonHammer,ThunderWave,Protect|||F|||50|]Kingambit||ChopleBerry|Defiant|KowtowCleave,SuckerPunch,Protect,SwordsDance|||M|||50|\n|showteam|p2|Kingambit||ChopleBerry|Defiant|IronHead,KowtowCleave,SuckerPunch,Protect|||M|||50|]Sneasler||WhiteHerb|Unburden|FakeOut,CloseCombat,DireClaw,Protect|||M|||50|]Floette-Eternal||Floettite|FlowerVeil|DazzlingGleam,Moonblast,LightofRuin,Protect|||F|||50|]Garchomp||SoftSand|RoughSkin|Earthquake,StompingTantrum,DragonClaw,Protect|||M|||50|]Aerodactyl||FocusSash|Unnerve|DualWingbeat,Tailwind,RockSlide,Protect|||F|||50|]Delphox||Delphoxite|Blaze|HeatWave,Psychic,Substitute,Protect|||M|||50|\n|\n|t:|1776338271\n|teamsize|p1|4\n|teamsize|p2|4\n|start\n|switch|p1a: Abracadabra|Alakazam, L50, F|100/100\n|switch|p1b: V\u00f6kur\u00f3|Meowstic, L50, M|100/100\n|switch|p2a: Sneasler|Sneasler, L50, M|100/100\n|switch|p2b: Kingambit|Kingambit, L50, M|100/100\n|turn|1\n|\n|t:|1776338318\n|move|p1a: Abracadabra|Protect|p1a: Abracadabra\n|-singleturn|p1a: Abracadabra|Protect\n|move|p2a: Sneasler|Fake Out|p1b: V\u00f6kur\u00f3\n|-damage|p1b: V\u00f6kur\u00f3|83/100\n|cant|p1b: V\u00f6kur\u00f3|flinch\n|move|p2b: Kingambit|Kowtow Cleave|p1a: Abracadabra\n|-activate|p1a: Abracadabra|move: Protect\n|\n|upkeep\n|turn|2\n|\n|t:|1776338340\n|switch|p2a: Garchomp|Garchomp, L50, M|100/100\n|detailschange|p1a: Abracadabra|Alakazam-Mega, L50, F\n|-mega|p1a: Abracadabra|Alakazam|Alakazite\n|-ability|p1a: Abracadabra|Defiant|Trace|[from] ability: Trace|[of] p2b: Kingambit\n|move|p1b: V\u00f6kur\u00f3|Psychic Terrain|p1b: V\u00f6kur\u00f3\n|-fieldstart|move: Psychic Terrain\n|move|p1a: Abracadabra|Focus Blast|p2b: Kingambit\n|-supereffective|p2b: Kingambit|2\n|-enditem|p2b: Kingambit|Chople Berry|[eat]\n|-enditem|p2b: Kingambit|Chople Berry|[weaken]\n|-damage|p2b: Kingambit|5/100\n|move|p2b: Kingambit|Kowtow Cleave|p1a: Abracadabra\n|-supereffective|p1a: Abracadabra|1\n|-damage|p1a: Abracadabra|0 fnt\n|faint|p1a: Abracadabra\n|\n|upkeep\n|\n|t:|1776338358\n|switch|p1a: Harm of Will|Sneasler, L50, M|100/100\n|turn|3\n|\n|t:|1776338368\n|move|p1a: Harm of Will|Close Combat|p2b: Kingambit\n|-supereffective|p2b: Kingambit|2\n|-damage|p2b: Kingambit|0 fnt\n|-unboost|p1a: Harm of Will|def|1\n|-unboost|p1a: Harm of Will|spd|1\n|faint|p2b: Kingambit\n|-enditem|p1a: Harm of Will|White Herb\n|-clearnegativeboost|p1a: Harm of Will|[silent]\n|move|p2a: Garchomp|Earthquake|p1b: V\u00f6kur\u00f3|[spread] p1a,p1b\n|-supereffective|p1a: Harm of Will|1\n|-damage|p1a: Harm of Will|0 fnt\n|-damage|p1b: V\u00f6kur\u00f3|35/100\n|faint|p1a: Harm of Will\n|move|p1b: V\u00f6kur\u00f3|Expanding Force|p2a: Garchomp\n|-damage|p2a: Garchomp|48/100\n|\n|upkeep\n|\n|t:|1776338378\n|switch|p1a: Talonflame|Talonflame, L50, M|100/100\n|switch|p2b: Aerodactyl|Aerodactyl, L50, F|100/100\n|-ability|p2b: Aerodactyl|Unnerve\n|turn|4\n|\n|t:|1776338389\n|move|p1a: Talonflame|Tailwind|p1a: Talonflame\n|-sidestart|p1: gackajink|move: Tailwind\n|move|p1b: V\u00f6kur\u00f3|Expanding Force|p2b: Aerodactyl|[spread] p2a,p2b\n|-damage|p2a: Garchomp|9/100\n|-damage|p2b: Aerodactyl|48/100\n|move|p2b: Aerodactyl|Rock Slide|p1a: Talonflame|[spread] p1a,p1b\n|-supereffective|p1a: Talonflame|2\n|-damage|p1a: Talonflame|0 fnt\n|-damage|p1b: V\u00f6kur\u00f3|7/100\n|faint|p1a: Talonflame\n|move|p2a: Garchomp|Dragon Claw|p1b: V\u00f6kur\u00f3\n|-damage|p1b: V\u00f6kur\u00f3|0 fnt\n|faint|p1b: V\u00f6kur\u00f3\n|\n|win|lolgz\n|n|\u2606gackajink|gackajink\n|n|\u2606lolgz|lolgz\n",
  "uploadtime": 1776338389,
  "views": 21,
  "formatid": "gen9championsvgc2026regma",
  "rating": null,
  "private": 0,
  "password": null
}