{
  "id": "gen9championsvgc2026regma-2587660356",
  "format": "[Gen 9 Champions] VGC 2026 Reg M-A",
  "players": [
    "tganemalohajajaja",
    "haunting casper"
  ],
  "log": "|j|\u2606tganemalohajajaja\n|j|\u2606haunting casper\n|t:|1776551335\n|gametype|doubles\n|player|p1|tganemalohajajaja|101|1146\n|player|p2|haunting casper|medium|1128\n|gen|9\n|tier|[Gen 9 Champions] VGC 2026 Reg M-A\n|rated|\n|rule|Species Clause: Limit one of each Pok\u00e9mon\n|rule|Item Clause: Limit 1 of each item\n|clearpoke\n|poke|p1|Garchomp, L50, F|\n|poke|p1|Vaporeon, L50, F, shiny|\n|poke|p1|Greninja, L50, M|\n|poke|p1|Tyranitar, L50, M|\n|poke|p1|Espathra, L50, F|\n|poke|p1|Incineroar, L50, F|\n|poke|p2|Floette-Eternal, L50, F|\n|poke|p2|Tyranitar, L50, M|\n|poke|p2|Garchomp, L50, F|\n|poke|p2|Sinistcha-Masterpiece, L50|\n|poke|p2|Aegislash, L50, M|\n|poke|p2|Sneasler, L50, M|\n|teampreview|4\n|inactive|Battle timer is ON: inactive players will automatically lose when time's up. (requested by tganemalohajajaja)\n|inactive|tganemalohajajaja has 60 seconds left.\n|inactive|haunting casper has 60 seconds left.\n|\n|t:|1776551378\n|teamsize|p1|4\n|teamsize|p2|4\n|start\n|switch|p1a: Greninja|Greninja, L50, M|100/100\n|switch|p1b: Incineroar|Incineroar, L50, F|100/100\n|switch|p2a: Floette|Floette-Eternal, L50, F|100/100\n|switch|p2b: Sneasler|Sneasler, L50, M|100/100\n|-ability|p1b: Incineroar|Intimidate|boost\n|-unboost|p2a: Floette|atk|1\n|-unboost|p2b: Sneasler|atk|1\n|-enditem|p2b: Sneasler|White Herb\n|-clearnegativeboost|p2b: Sneasler|[silent]\n|turn|1\n|inactive|haunting casper has 30 seconds left.\n|\n|t:|1776551412\n|detailschange|p2a: Floette|Floette-Mega, L50, F\n|-mega|p2a: Floette|Floette|Floettite\n|-ability|p2a: Floette|Fairy Aura\n|move|p2b: Sneasler|Fake Out|p1b: Incineroar\n|-damage|p1b: Incineroar|86/100\n|move|p1a: Greninja|Upper Hand||[still]\n|-fail|p1a: Greninja\n|cant|p1b: Incineroar|flinch\n|move|p2a: Floette|Dazzling Gleam|p1a: Greninja|[spread] p1a,p1b\n|-supereffective|p1a: Greninja|1\n|-damage|p1a: Greninja|0 fnt\n|-damage|p1b: Incineroar|37/100\n|-enditem|p1b: Incineroar|Sitrus Berry|[eat]\n|-heal|p1b: Incineroar|61/100|[from] item: Sitrus Berry\n|faint|p1a: Greninja\n|\n|upkeep\n|\n|t:|1776551425\n|switch|p1a: Vaporeon|Vaporeon, L50, F, shiny|100/100\n|turn|2\n|\n|t:|1776551437\n|move|p2b: Sneasler|Close Combat|p1b: Incineroar\n|-supereffective|p1b: Incineroar|1\n|-damage|p1b: Incineroar|0 fnt\n|-unboost|p2b: Sneasler|def|1\n|-unboost|p2b: Sneasler|spd|1\n|faint|p1b: Incineroar\n|move|p2a: Floette|Moonblast|p1a: Vaporeon\n|-damage|p1a: Vaporeon|41/100\n|move|p1a: Vaporeon|Acid Armor|p1a: Vaporeon\n|-boost|p1a: Vaporeon|def|2\n|\n|-heal|p1a: Vaporeon|47/100|[from] item: Leftovers\n|upkeep\n|\n|t:|1776551445\n|switch|p1b: Garchomp|Garchomp, L50, F|100/100\n|turn|3\n|\n|t:|1776551458\n|move|p1a: Vaporeon|Protect|p1a: Vaporeon\n|-singleturn|p1a: Vaporeon|Protect\n|move|p2b: Sneasler|Close Combat|p1b: Garchomp\n|-damage|p1b: Garchomp|33/100\n|-unboost|p2b: Sneasler|def|1\n|-unboost|p2b: Sneasler|spd|1\n|move|p1b: Garchomp|Earthquake|p2b: Sneasler|[spread] p2a,p2b\n|-activate|p1a: Vaporeon|move: Protect\n|-supereffective|p2b: Sneasler|1\n|-damage|p2a: Floette|49/100\n|-damage|p2b: Sneasler|0 fnt\n|faint|p2b: Sneasler\n|move|p2a: Floette|Dazzling Gleam|p1a: Vaporeon|[spread] p1b\n|-activate|p1a: Vaporeon|move: Protect\n|-supereffective|p1b: Garchomp|1\n|-damage|p1b: Garchomp|0 fnt\n|faint|p1b: Garchomp\n|\n|-heal|p1a: Vaporeon|53/100|[from] item: Leftovers\n|upkeep\n|-message|tganemalohajajaja forfeited.\n|\n|win|haunting casper\n|raw|tganemalohajajaja's rating: 1146 &rarr; <strong>1120</strong><br />(-26 for losing)\n|raw|haunting casper's rating: 1128 &rarr; <strong>1154</strong><br />(+26 for winning)\n|l|\u2606tganemalohajajaja\n|player|p1|\n",
  "uploadtime": 1776551501,
  "views": 20,
  "formatid": "gen9championsvgc2026regma",
  "rating": 1120,
  "private": 0,
  "password": null
}