{
  "id": "gen9championsvgc2026regma-2580419107",
  "format": "[Gen 9 Champions] VGC 2026 Reg M-A",
  "players": [
    "bio2.0",
    "leader-starmie"
  ],
  "log": "|j|\u2606bio2.0\n|j|\u2606leader-starmie\n|t:|1775893638\n|gametype|doubles\n|player|p1|bio2.0|101|1209\n|player|p2|leader-starmie|lida|1155\n|gen|9\n|tier|[Gen 9 Champions] VGC 2026 Reg M-A\n|rated|\n|rule|Species Clause: Limit one of each Pok\u00e9mon\n|rule|Item Clause: Limit 1 of each item\n|clearpoke\n|poke|p1|Delphox, L50, M|\n|poke|p1|Garchomp, L50, F|\n|poke|p1|Floette-Eternal, L50, F|\n|poke|p1|Incineroar, L50, F|\n|poke|p1|Sneasler, L50, F|\n|poke|p1|Kingambit, L50, F|\n|poke|p2|Starmie, L50|\n|poke|p2|Incineroar, L50, F|\n|poke|p2|Sneasler, L50, F|\n|poke|p2|Sinistcha, L50|\n|poke|p2|Aerodactyl, L50, M|\n|poke|p2|Rotom-Mow, L50|\n|teampreview|4\n|inactive|Battle timer is ON: inactive players will automatically lose when time's up. (requested by bio2.0)\n|inactive|leader-starmie has 60 seconds left.\n|\n|t:|1775893683\n|teamsize|p1|4\n|teamsize|p2|4\n|start\n|switch|p1a: Incineroar|Incineroar, L50, F|100/100\n|switch|p1b: Garchomp|Garchomp, L50, F|100/100\n|switch|p2a: Rotom|Rotom-Mow, L50|100/100\n|switch|p2b: Starmie|Starmie, L50|100/100\n|-ability|p1a: Incineroar|Intimidate|boost\n|-unboost|p2a: Rotom|atk|1\n|-unboost|p2b: Starmie|atk|1\n|turn|1\n|\n|t:|1775893703\n|move|p2b: Starmie|Protect|p2b: Starmie\n|-singleturn|p2b: Starmie|Protect\n|move|p1a: Incineroar|Fake Out|p2b: Starmie\n|-activate|p2b: Starmie|move: Protect\n|move|p2a: Rotom|Will-O-Wisp|p1b: Garchomp\n|-status|p1b: Garchomp|brn\n|move|p1b: Garchomp|Dragon Claw|p2b: Starmie\n|-activate|p2b: Starmie|move: Protect\n|\n|-damage|p1b: Garchomp|94/100 brn|[from] brn\n|upkeep\n|turn|2\n|\n|t:|1775893721\n|switch|p2a: Incineroar|Incineroar, L50, F|100/100\n|-ability|p2a: Incineroar|Intimidate|boost\n|-unboost|p1a: Incineroar|atk|1\n|-unboost|p1b: Garchomp|atk|1\n|detailschange|p2b: Starmie|Starmie-Mega, L50\n|-mega|p2b: Starmie|Starmie|Starminite\n|move|p2b: Starmie|Liquidation|p1a: Incineroar\n|-supereffective|p1a: Incineroar|1\n|-damage|p1a: Incineroar|19/100\n|move|p1b: Garchomp|Rock Slide|p2a: Incineroar|[spread] p2a,p2b\n|-supereffective|p2a: Incineroar|1\n|-damage|p2a: Incineroar|89/100\n|-damage|p2b: Starmie|93/100\n|move|p1a: Incineroar|Parting Shot|p2b: Starmie\n|-unboost|p2b: Starmie|atk|1\n|-unboost|p2b: Starmie|spa|1\n|\n|t:|1775893739\n|switch|p1a: Delphox|Delphox, L50, M|100/100|[from] Parting Shot\n|\n|-damage|p1b: Garchomp|88/100 brn|[from] brn\n|upkeep\n|turn|3\n|\n|t:|1775893752\n|detailschange|p1a: Delphox|Delphox-Mega, L50, M\n|-mega|p1a: Delphox|Delphox|Delphoxite\n|move|p1a: Delphox|Psychic|p2b: Starmie\n|-resisted|p2b: Starmie|1\n|-damage|p2b: Starmie|71/100\n|move|p2b: Starmie|Ice Spinner|p1b: Garchomp\n|-supereffective|p1b: Garchomp|2\n|-crit|p1b: Garchomp\n|-damage|p1b: Garchomp|0 fnt\n|faint|p1b: Garchomp\n|move|p2a: Incineroar|Darkest Lariat|p1a: Delphox\n|-supereffective|p1a: Delphox|1\n|-damage|p1a: Delphox|10/100\n|\n|upkeep\n|\n|t:|1775893757\n|switch|p1b: Sneasler|Sneasler, L50, F|100/100\n|turn|4\n|-message|bio2.0 forfeited.\n|\n|win|leader-starmie\n|raw|bio2.0's rating: 1209 &rarr; <strong>1180</strong><br />(-29 for losing)\n|raw|leader-starmie's rating: 1155 &rarr; <strong>1184</strong><br />(+29 for winning)\n|l|\u2606bio2.0\n|player|p1|\n",
  "uploadtime": 1775893775,
  "views": 22,
  "formatid": "gen9championsvgc2026regma",
  "rating": 1180,
  "private": 0,
  "password": null
}