{
  "id": "gen9championsvgc2026regma-2584797889",
  "format": "[Gen 9 Champions] VGC 2026 Reg M-A",
  "players": [
    "benjiapollo",
    "DurkTheYonko"
  ],
  "log": "|j|\u2606benjiapollo\n|j|\u2606DurkTheYonko\n|t:|1776284410\n|gametype|doubles\n|player|p1|benjiapollo|giovanni|1190\n|player|p2|DurkTheYonko|drayden|1138\n|gen|9\n|tier|[Gen 9 Champions] VGC 2026 Reg M-A\n|rated|\n|rule|Species Clause: Limit one of each Pok\u00e9mon\n|rule|Item Clause: Limit 1 of each item\n|clearpoke\n|poke|p1|Basculegion, L50, M|\n|poke|p1|Charizard, L50, F|\n|poke|p1|Kingambit, L50, M|\n|poke|p1|Sneasler, L50, F|\n|poke|p1|Venusaur, L50, M|\n|poke|p1|Talonflame, L50, M|\n|poke|p2|Charizard, L50, M|\n|poke|p2|Venusaur, L50, M|\n|poke|p2|Garchomp, L50, F|\n|poke|p2|Whimsicott, L50, M|\n|poke|p2|Incineroar, L50, F|\n|poke|p2|Lucario, L50, F|\n|teampreview|4\n|\n|t:|1776284452\n|teamsize|p1|4\n|teamsize|p2|4\n|start\n|switch|p1a: Talonflame|Talonflame, L50, M|100/100\n|switch|p1b: Charizard|Charizard, L50, F|100/100\n|switch|p2a: Whimsicott|Whimsicott, L50, M|100/100\n|switch|p2b: Garchomp|Garchomp, L50, F|100/100\n|turn|1\n|inactive|Battle timer is ON: inactive players will automatically lose when time's up. (requested by benjiapollo)\n|\n|t:|1776284475\n|detailschange|p1b: Charizard|Charizard-Mega-X, L50, F\n|-mega|p1b: Charizard|Charizard|Charizardite X\n|move|p1a: Talonflame|Tailwind|p1a: Talonflame\n|-sidestart|p1: benjiapollo|move: Tailwind\n|move|p2a: Whimsicott|Taunt|p1a: Talonflame\n|-start|p1a: Talonflame|move: Taunt\n|move|p1b: Charizard|Dragon Claw|p2b: Garchomp\n|-supereffective|p2b: Garchomp|1\n|-damage|p2b: Garchomp|0 fnt\n|-damage|p1b: Charizard|88/100|[from] ability: Rough Skin|[of] p2b: Garchomp\n|faint|p2b: Garchomp\n|\n|upkeep\n|-message|DurkTheYonko forfeited.\n|\n|win|benjiapollo\n|raw|benjiapollo's rating: 1190 &rarr; <strong>1211</strong><br />(+21 for winning)\n|raw|DurkTheYonko's rating: 1138 &rarr; <strong>1117</strong><br />(-21 for losing)\n|l|\u2606DurkTheYonko\n|player|p2|\n",
  "uploadtime": 1776284520,
  "views": 28,
  "formatid": "gen9championsvgc2026regma",
  "rating": 1117,
  "private": 0,
  "password": null
}