{
  "id": "gen9championsvgc2026regma-2581347907",
  "format": "[Gen 9 Champions] VGC 2026 Reg M-A",
  "players": [
    "gwomp13589",
    "Grey0n_"
  ],
  "log": "|j|\u2606gwomp13589\n|j|\u2606Grey0n_\n|t:|1775989956\n|gametype|doubles\n|player|p1|gwomp13589|102|1026\n|player|p2|Grey0n_|hilda|1000\n|gen|9\n|tier|[Gen 9 Champions] VGC 2026 Reg M-A\n|rated|\n|rule|Species Clause: Limit one of each Pok\u00e9mon\n|rule|Item Clause: Limit 1 of each item\n|clearpoke\n|poke|p1|Passimian, L50, M|\n|poke|p1|Goodra-Hisui, L50, F|\n|poke|p1|Starmie, L50|\n|poke|p1|Farigiraf, L50, F|\n|poke|p1|Garchomp, L50, F|\n|poke|p1|Incineroar, L50, M|\n|poke|p2|Tyranitar, L50, F|\n|poke|p2|Excadrill, L50, M|\n|poke|p2|Aerodactyl, L50, M|\n|poke|p2|Meowscarada, L50, F|\n|poke|p2|Aegislash, L50, M|\n|poke|p2|Incineroar, L50, F|\n|teampreview|4\n|inactive|Battle timer is ON: inactive players will automatically lose when time's up. (requested by Grey0n_)\ngwomp13589 rejected open team sheets.\n|inactive|Grey0n_ has 60 seconds left.\n|\n|t:|1775990000\n|teamsize|p1|4\n|teamsize|p2|4\n|start\n|switch|p1a: Passimian|Passimian, L50, M|100/100\n|switch|p1b: Starmie|Starmie, L50|100/100\n|switch|p2a: Aerodactyl|Aerodactyl, L50, M|100/100\n|switch|p2b: Tyranitar|Tyranitar, L50, F|100/100\n|-ability|p2a: Aerodactyl|Unnerve\n|-weather|Sandstorm|[from] ability: Sand Stream|[of] p2b: Tyranitar\n|turn|1\n|\n|t:|1775990023\n|detailschange|p1b: Starmie|Starmie-Mega, L50\n|-mega|p1b: Starmie|Starmie|Starminite\n|move|p1a: Passimian|Protect|p1a: Passimian\n|-singleturn|p1a: Passimian|Protect\n|move|p2b: Tyranitar|Protect|p2b: Tyranitar\n|-singleturn|p2b: Tyranitar|Protect\n|move|p2a: Aerodactyl|Tailwind|p2a: Aerodactyl\n|-sidestart|p2: Grey0n_|move: Tailwind\n|move|p1b: Starmie|Self-Destruct|p2a: Aerodactyl|[spread] p2a\n|-activate|p1a: Passimian|move: Protect\n|-activate|p2b: Tyranitar|move: Protect\n|-resisted|p2a: Aerodactyl|1\n|-crit|p2a: Aerodactyl\n|-damage|p2a: Aerodactyl|0 fnt\n|faint|p1b: Starmie\n|-ability|p1a: Passimian|Huge Power|Receiver|[from] ability: Receiver|[of] p1b: Starmie\n|faint|p2a: Aerodactyl\n|\n|-weather|Sandstorm|[upkeep]\n|-damage|p1a: Passimian|95/100|[from] Sandstorm\n|upkeep\n|\n|t:|1775990046\n|switch|p2a: Excadrill|Excadrill, L50, M|100/100\n|switch|p1b: Goodra|Goodra-Hisui, L50, F|100/100\n|turn|2\n|inactive|Grey0n_ has 30 seconds left.\n|inactive|Grey0n_ has 20 seconds left.\n|inactive|Grey0n_ has 15 seconds left.\n|inactive|Grey0n_ has 10 seconds left.\n|\n|t:|1775990093\n|move|p2b: Tyranitar|Helping Hand|p2a: Excadrill\n|-singleturn|p2a: Excadrill|Helping Hand|[of] p2b: Tyranitar\n|move|p2a: Excadrill|Earthquake|p1b: Goodra|[spread] p2b,p1a,p1b\n|-supereffective|p2b: Tyranitar|1\n|-supereffective|p1b: Goodra|1\n|-damage|p2b: Tyranitar|0 fnt\n|-damage|p1a: Passimian|14/100\n|-damage|p1b: Goodra|0 fnt\n|faint|p2b: Tyranitar\n|faint|p1b: Goodra\n|move|p1a: Passimian|Drain Punch|p2a: Excadrill\n|-supereffective|p2a: Excadrill|1\n|-damage|p2a: Excadrill|0 fnt\n|-heal|p1a: Passimian|67/100|[from] drain|[of] p2a: Excadrill\n|faint|p2a: Excadrill\n|\n|-weather|Sandstorm|[upkeep]\n|-damage|p1a: Passimian|61/100|[from] Sandstorm\n|upkeep\n|c|\u2606gwomp13589|lol\n|\n|t:|1775990109\n|switch|p2a: Meowscarada|Meowscarada, L50, F|100/100\n|switch|p1b: Incineroar|Incineroar, L50, M|100/100\n|-ability|p1b: Incineroar|Intimidate|boost\n|-unboost|p2a: Meowscarada|atk|1\n|turn|3\n|\n|t:|1775990118\n|move|p2a: Meowscarada|Protect|p2a: Meowscarada\n|-start|p2a: Meowscarada|typechange|Normal|[from] ability: Protean\n|-singleturn|p2a: Meowscarada|Protect\n|move|p1b: Incineroar|Fake Out|p2a: Meowscarada\n|-activate|p2a: Meowscarada|move: Protect\n|move|p1a: Passimian|Drain Punch|p2a: Meowscarada\n|-activate|p2a: Meowscarada|move: Protect\n|\n|-weather|Sandstorm|[upkeep]\n|-damage|p2a: Meowscarada|95/100|[from] Sandstorm\n|-damage|p1a: Passimian|55/100|[from] Sandstorm\n|-damage|p1b: Incineroar|95/100|[from] Sandstorm\n|upkeep\n|turn|4\n|-message|Grey0n_ forfeited.\n|\n|win|gwomp13589\n|raw|gwomp13589's rating: 1026 &rarr; <strong>1059</strong><br />(+33 for winning)\n|raw|Grey0n_'s rating: 1000 &rarr; <strong>1000</strong><br />(+0 for losing)\n",
  "uploadtime": 1775990127,
  "views": 17,
  "formatid": "gen9championsvgc2026regma",
  "rating": 1000,
  "private": 0,
  "password": null
}