{
  "id": "gen9championsvgc2026regma-2585018894",
  "format": "[Gen 9 Champions] VGC 2026 Reg M-A",
  "players": [
    "syshj",
    "Daleg"
  ],
  "log": "|j|\u2606syshj\n|j|\u2606Daleg\n|t:|1776303859\n|gametype|doubles\n|player|p1|syshj|dawn|1494\n|player|p2|Daleg|265|1573\n|gen|9\n|tier|[Gen 9 Champions] VGC 2026 Reg M-A\n|rated|\n|rule|Species Clause: Limit one of each Pok\u00e9mon\n|rule|Item Clause: Limit 1 of each item\n|clearpoke\n|poke|p1|Basculegion, L50, M|\n|poke|p1|Pelipper, L50, M|\n|poke|p1|Floette-Eternal, L50, F|\n|poke|p1|Incineroar, L50, M|\n|poke|p1|Sinistcha-Masterpiece, L50|\n|poke|p1|Kingambit, L50, F|\n|poke|p2|Archaludon, L50, F|\n|poke|p2|Basculegion, L50, M|\n|poke|p2|Pelipper, L50, F|\n|poke|p2|Kingambit, L50, M|\n|poke|p2|Venusaur, L50, M|\n|poke|p2|Tsareena, L50, F|\n|teampreview|4\n|inactive|Battle timer is ON: inactive players will automatically lose when time's up. (requested by Daleg)\n|j| Leleholic\n|inactive|syshj has 60 seconds left.\n|j| jeskyv2\n|inactive|syshj has 30 seconds left.\n|\n|t:|1776303954\n|teamsize|p1|4\n|teamsize|p2|4\n|start\n|switch|p1a: Floette|Floette-Eternal, L50, F|100/100\n|switch|p1b: Sinistcha|Sinistcha-Masterpiece, L50|100/100\n|switch|p2a: Kingambit|Kingambit, L50, M|100/100\n|switch|p2b: Venusaur|Venusaur, L50, M|100/100\n|turn|1\n|inactive|syshj has 30 seconds left.\n|\n|t:|1776303982\n|detailschange|p1a: Floette|Floette-Mega, L50, F\n|-mega|p1a: Floette|Floette|Floettite\n|-ability|p1a: Floette|Fairy Aura\n|detailschange|p2b: Venusaur|Venusaur-Mega, L50, M\n|-mega|p2b: Venusaur|Venusaur|Venusaurite\n|move|p1a: Floette|Calm Mind|p1a: Floette\n|-boost|p1a: Floette|spa|1\n|-boost|p1a: Floette|spd|1\n|move|p2b: Venusaur|Sleep Powder|p1a: Floette\n|-status|p1a: Floette|slp|[from] move: Sleep Powder\n|move|p2a: Kingambit|Kowtow Cleave|p1b: Sinistcha\n|-supereffective|p1b: Sinistcha|1\n|-enditem|p1b: Sinistcha|Colbur Berry|[eat]\n|-enditem|p1b: Sinistcha|Colbur Berry|[weaken]\n|-damage|p1b: Sinistcha|54/100\n|move|p1b: Sinistcha|Matcha Gotcha|p2b: Venusaur|[spread] p2a,p2b\n|-resisted|p2a: Kingambit|1\n|-resisted|p2b: Venusaur|2\n|-damage|p2a: Kingambit|86/100\n|-heal|p1b: Sinistcha|62/100|[from] drain|[of] p2a: Kingambit\n|-damage|p2b: Venusaur|96/100\n|-heal|p1b: Sinistcha|65/100|[from] drain|[of] p2b: Venusaur\n|\n|upkeep\n|turn|2\n|inactive|syshj has 30 seconds left.\n|inactive|syshj has 20 seconds left.\n|inactive|syshj has 15 seconds left.\n|\n|t:|1776304025\n|cant|p1a: Floette|slp\n|move|p2b: Venusaur|Sludge Wave|p1b: Sinistcha|[spread] p1a,p1b\n|-immune|p2a: Kingambit\n|-supereffective|p1a: Floette|1\n|-damage|p1a: Floette|65/100 slp\n|-damage|p1b: Sinistcha|33/100\n|move|p2a: Kingambit|Iron Head|p1a: Floette\n|-supereffective|p1a: Floette|1\n|-damage|p1a: Floette|0 fnt\n|faint|p1a: Floette\n|move|p1b: Sinistcha|Matcha Gotcha|p2b: Venusaur|[spread] p2a,p2b\n|-resisted|p2a: Kingambit|1\n|-resisted|p2b: Venusaur|2\n|-damage|p2a: Kingambit|73/100\n|-heal|p1b: Sinistcha|40/100|[from] drain|[of] p2a: Kingambit\n|-damage|p2b: Venusaur|90/100\n|-heal|p1b: Sinistcha|43/100|[from] drain|[of] p2b: Venusaur\n|\n|upkeep\n|\n|t:|1776304035\n|switch|p1a: Pelipper|Pelipper, L50, M|100/100\n|-weather|RainDance|[from] ability: Drizzle|[of] p1a: Pelipper\n|turn|3\n|l|\u2606syshj\n|inactive|syshj disconnected and has a minute to reconnect!\n|player|p1|\n|\n|t:|1776304053\n|switch|p2b: Archaludon|Archaludon, L50, F|100/100\n|move|p1a: Pelipper|Hurricane|p2b: Archaludon\n|-resisted|p2b: Archaludon|1\n|-damage|p2b: Archaludon|72/100\n|-ability|p2b: Archaludon|Stamina|boost\n|-boost|p2b: Archaludon|def|1\n|move|p2a: Kingambit|Kowtow Cleave|p1b: Sinistcha\n|-supereffective|p1b: Sinistcha|1\n|-damage|p1b: Sinistcha|0 fnt\n|faint|p1b: Sinistcha\n|\n|-weather|RainDance|[upkeep]\n|-heal|p2b: Archaludon|78/100|[from] item: Leftovers\n|upkeep\n|j|\u2606syshj\n|inactive|syshj reconnected and has 45 seconds left.\n|player|p1|syshj|dawn|\n|\n|t:|1776304067\n|switch|p1b: Basculegion|Basculegion, L50, M|100/100\n|turn|4\n|-message|syshj forfeited.\n|\n|win|Daleg\n|raw|syshj's rating: 1494 &rarr; <strong>1478</strong><br />(-16 for losing)\n|raw|Daleg's rating: 1573 &rarr; <strong>1589</strong><br />(+16 for winning)\n|l|\u2606Daleg\n|player|p2|\n",
  "uploadtime": 1776304186,
  "views": 48,
  "formatid": "gen9championsvgc2026regma",
  "rating": 1478,
  "private": 0,
  "password": null
}