{
  "id": "gen9championsvgc2026regma-2587818328",
  "format": "[Gen 9 Champions] VGC 2026 Reg M-A",
  "players": [
    "ted7106061408",
    "KilamanolaVGC"
  ],
  "log": "|j|\u2606ted7106061408\n|j|\u203dKilamanolaVGC\n|t:|1776567135\n|gametype|doubles\n|player|p1|ted7106061408|1|1331\n|player|p2|KilamanolaVGC|benga|1346\n|gen|9\n|tier|[Gen 9 Champions] VGC 2026 Reg M-A\n|rated|\n|rule|Species Clause: Limit one of each Pok\u00e9mon\n|rule|Item Clause: Limit 1 of each item\n|clearpoke\n|poke|p1|Floette-Eternal, L50, F|\n|poke|p1|Talonflame, L50, F|\n|poke|p1|Garchomp, L50, M|\n|poke|p1|Maushold-Four, L50|\n|poke|p1|Basculegion, L50, M|\n|poke|p1|Kingambit, L50, M|\n|poke|p2|Scovillain, L50, M, shiny|\n|poke|p2|Sneasler, L50, M, shiny|\n|poke|p2|Pelipper, L50, M, shiny|\n|poke|p2|Basculegion, L50, M|\n|poke|p2|Aerodactyl, L50, M, shiny|\n|poke|p2|Archaludon, L50, F, shiny|\n|teampreview|4\n|inactive|Battle timer is ON: inactive players will automatically lose when time's up. (requested by KilamanolaVGC)\nted7106061408 has agreed to open team sheets.\n|inactive|ted7106061408 has 60 seconds left.\n|inactive|KilamanolaVGC has 60 seconds left.\n|\n|t:|1776567178\n|teamsize|p1|4\n|teamsize|p2|4\n|start\n|switch|p1a: Floette|Floette-Eternal, L50, F|100/100\n|switch|p1b: Maushold|Maushold-Four, L50|100/100\n|switch|p2a: Sneasler|Sneasler, L50, M, shiny|100/100\n|switch|p2b: Aerodactyl|Aerodactyl, L50, M, shiny|100/100\n|turn|1\n|\n|t:|1776567202\n|detailschange|p2b: Aerodactyl|Aerodactyl-Mega, L50, M, shiny\n|-mega|p2b: Aerodactyl|Aerodactyl|Aerodactylite\n|detailschange|p1a: Floette|Floette-Mega, L50, F\n|-mega|p1a: Floette|Floette|Floettite\n|-ability|p1a: Floette|Fairy Aura\n|move|p1b: Maushold|Feint|p2b: Aerodactyl\n|-resisted|p2b: Aerodactyl|1\n|-damage|p2b: Aerodactyl|96/100\n|move|p2b: Aerodactyl|Tailwind|p2b: Aerodactyl\n|-sidestart|p2: KilamanolaVGC|move: Tailwind\n|move|p2a: Sneasler|Dire Claw|p1a: Floette\n|-supereffective|p1a: Floette|1\n|-damage|p1a: Floette|13/100\n|move|p1a: Floette|Calm Mind|p1a: Floette\n|-boost|p1a: Floette|spa|1\n|-boost|p1a: Floette|spd|1\n|\n|upkeep\n|turn|2\n|\n|t:|1776567222\n|move|p1b: Maushold|Follow Me|p1b: Maushold\n|-singleturn|p1b: Maushold|move: Follow Me\n|move|p2b: Aerodactyl|Rock Slide|p1b: Maushold|[spread] p1a,p1b\n|-damage|p1a: Floette|0 fnt\n|-damage|p1b: Maushold|64/100\n|faint|p1a: Floette\n|move|p2a: Sneasler|Close Combat|p1b: Maushold\n|-supereffective|p1b: Maushold|1\n|-damage|p1b: Maushold|0 fnt\n|-unboost|p2a: Sneasler|def|1\n|-unboost|p2a: Sneasler|spd|1\n|faint|p1b: Maushold\n|-enditem|p2a: Sneasler|White Herb\n|-clearnegativeboost|p2a: Sneasler|[silent]\n|\n|upkeep\n|-message|ted7106061408 forfeited.\n|\n|win|KilamanolaVGC\n|raw|ted7106061408's rating: 1331 &rarr; <strong>1312</strong><br />(-19 for losing)\n|raw|KilamanolaVGC's rating: 1346 &rarr; <strong>1365</strong><br />(+19 for winning)\n|l|\u2606ted7106061408\n|player|p1|\n",
  "uploadtime": 1776567266,
  "views": 18,
  "formatid": "gen9championsvgc2026regma",
  "rating": 1312,
  "private": 0,
  "password": null
}