{
  "id": "gen9championsvgc2026regma-2581699890",
  "format": "[Gen 9 Champions] VGC 2026 Reg M-A",
  "players": [
    "Seasidee578",
    "deanking654"
  ],
  "log": "|j|\u2606Seasidee578\n|j|\u2606deanking654\n|t:|1776021703\n|gametype|doubles\n|player|p1|Seasidee578|hilbert|1000\n|player|p2|deanking654|101|1054\n|gen|9\n|tier|[Gen 9 Champions] VGC 2026 Reg M-A\n|rated|\n|rule|Species Clause: Limit one of each Pok\u00e9mon\n|rule|Item Clause: Limit 1 of each item\n|clearpoke\n|poke|p1|Froslass, L50, F|\n|poke|p1|Slowking-Galar, L50, F|\n|poke|p1|Abomasnow, L50, M|\n|poke|p1|Greninja-*, L50, M|\n|poke|p1|Sneasler, L50, F|\n|poke|p1|Zoroark-Hisui, L50, M|\n|poke|p2|Aerodactyl, L50, M|\n|poke|p2|Floette-Eternal, L50, F|\n|poke|p2|Milotic, L50, M|\n|poke|p2|Garchomp, L50, F|\n|poke|p2|Incineroar, L50, F|\n|poke|p2|Scizor, L50, F|\n|teampreview|4\nSeasidee578 has agreed to open team sheets.\n|\n|t:|1776021726\n|teamsize|p1|4\n|teamsize|p2|4\n|start\n|switch|p1a: Froslass|Froslass, L50, F|100/100\n|switch|p1b: Sneasler|Sneasler, L50, F|100/100\n|switch|p2a: Aerodactyl|Aerodactyl, L50, M, shiny|100/100\n|switch|p2b: Incineroar|Incineroar, L50, F, shiny|100/100\n|-ability|p2a: Aerodactyl|Unnerve\n|-ability|p2b: Incineroar|Intimidate|boost\n|-unboost|p1a: Froslass|atk|1\n|-unboost|p1b: Sneasler|atk|1\n|-enditem|p1b: Sneasler|White Herb\n|-clearnegativeboost|p1b: Sneasler|[silent]\n|turn|1\n|\n|t:|1776021744\n|detailschange|p1a: Froslass|Froslass-Mega, L50, F\n|-mega|p1a: Froslass|Froslass|Froslassite\n|-weather|Snowscape|[from] ability: Snow Warning|[of] p1a: Froslass\n|move|p2a: Aerodactyl|Protect|p2a: Aerodactyl\n|-singleturn|p2a: Aerodactyl|Protect\n|move|p1b: Sneasler|Fake Out|p2b: Incineroar\n|-damage|p2b: Incineroar|88/100\n|move|p1a: Froslass|Aurora Veil|p1a: Froslass\n|-sidestart|p1: Seasidee578|move: Aurora Veil\n|cant|p2b: Incineroar|flinch\n|\n|-weather|Snowscape|[upkeep]\n|upkeep\n|turn|2\n|\n|t:|1776021766\n|move|p1b: Sneasler|Close Combat|p2b: Incineroar\n|-supereffective|p2b: Incineroar|1\n|-damage|p2b: Incineroar|0 fnt\n|-unboost|p1b: Sneasler|def|1\n|-unboost|p1b: Sneasler|spd|1\n|faint|p2b: Incineroar\n|move|p2a: Aerodactyl|Tailwind|p2a: Aerodactyl\n|-sidestart|p2: deanking654|move: Tailwind\n|move|p1a: Froslass|Blizzard|p2a: Aerodactyl\n|-supereffective|p2a: Aerodactyl|1\n|-enditem|p2a: Aerodactyl|Focus Sash\n|-damage|p2a: Aerodactyl|1/100\n|\n|-weather|Snowscape|[upkeep]\n|upkeep\n|\n|t:|1776021779\n|switch|p2b: Milotic|Milotic, L50, M, shiny|100/100\n|turn|3\n|\n|t:|1776021784\n|switch|p1b: Slowking|Slowking-Galar, L50, F|100/100\n|move|p1a: Froslass|Protect|p1a: Froslass\n|-singleturn|p1a: Froslass|Protect\n|move|p2a: Aerodactyl|Rock Slide|p1a: Froslass|[spread] p1b\n|-activate|p1a: Froslass|move: Protect\n|-damage|p1b: Slowking|83/100\n|move|p2b: Milotic|Muddy Water|p1b: Slowking|[spread] \n|-activate|p1a: Froslass|move: Protect\n|-miss|p2b: Milotic|p1b: Slowking\n|\n|-weather|Snowscape|[upkeep]\n|upkeep\n|turn|4\n|-message|deanking654 forfeited.\n|\n|win|Seasidee578\n|raw|Seasidee578's rating: 1000 &rarr; <strong>1046</strong><br />(+46 for winning)\n|raw|deanking654's rating: 1054 &rarr; <strong>1033</strong><br />(-21 for losing)\n|l|\u2606deanking654\n|player|p2|\n",
  "uploadtime": 1776021806,
  "views": 21,
  "formatid": "gen9championsvgc2026regma",
  "rating": 1033,
  "private": 0,
  "password": null
}