{
  "id": "gen9championsvgc2026regma-2581620540",
  "format": "[Gen 9 Champions] VGC 2026 Reg M-A",
  "players": [
    "beykinzmon",
    "SylveonImran"
  ],
  "log": "|j|\u2606beykinzmon\n|j|\u2606SylveonImran\n|t:|1776015718\n|gametype|doubles\n|player|p1|beykinzmon|benga|1043\n|player|p2|SylveonImran|policeman-gen4|1051\n|gen|9\n|tier|[Gen 9 Champions] VGC 2026 Reg M-A\n|rated|\n|rule|Species Clause: Limit one of each Pok\u00e9mon\n|rule|Item Clause: Limit 1 of each item\n|clearpoke\n|poke|p1|Gallade, L50, M|\n|poke|p1|Arcanine-Hisui, L50, F|\n|poke|p1|Kingambit, L50, M|\n|poke|p1|Rotom-Wash, L50|\n|poke|p1|Farigiraf, L50, M|\n|poke|p1|Whimsicott, L50, F|\n|poke|p2|Crabominable, L50, F|\n|poke|p2|Primarina, L50, M|\n|poke|p2|Incineroar, L50, M|\n|poke|p2|Sinistcha, L50|\n|poke|p2|Farigiraf, L50, F|\n|poke|p2|Aegislash, L50, M|\n|teampreview|4\nbeykinzmon rejected open team sheets.\n|\n|t:|1776015826\n|teamsize|p1|4\n|teamsize|p2|4\n|start\n|switch|p1a: Rotom|Rotom-Wash, L50|100/100\n|switch|p1b: Farigiraf|Farigiraf, L50, M|100/100\n|switch|p2a: Farigiraf|Farigiraf, L50, F|100/100\n|switch|p2b: Incineroar|Incineroar, L50, M|100/100\n|-ability|p2b: Incineroar|Intimidate|boost\n|-unboost|p1a: Rotom|atk|1\n|-unboost|p1b: Farigiraf|atk|1\n|turn|1\n|\n|t:|1776015852\n|move|p1a: Rotom|Hydro Pump|p2b: Incineroar\n|-supereffective|p2b: Incineroar|1\n|-damage|p2b: Incineroar|32/100\n|-enditem|p2b: Incineroar|Sitrus Berry|[eat]\n|-heal|p2b: Incineroar|57/100|[from] item: Sitrus Berry\n|move|p2a: Farigiraf|Psychic|p1a: Rotom\n|-damage|p1a: Rotom|64/100\n|move|p2b: Incineroar|Darkest Lariat|p1a: Rotom\n|-damage|p1a: Rotom|30/100\n|move|p1b: Farigiraf|Trick Room|p1b: Farigiraf\n|-fieldstart|move: Trick Room|[of] p1b: Farigiraf\n|\n|-heal|p1a: Rotom|36/100|[from] item: Leftovers\n|upkeep\n|turn|2\n|\n|t:|1776015872\n|move|p2b: Incineroar|Darkest Lariat|p1a: Rotom\n|-crit|p1a: Rotom\n|-damage|p1a: Rotom|0 fnt\n|faint|p1a: Rotom\n|move|p2a: Farigiraf|Hyper Voice|p1b: Farigiraf\n|-damage|p1b: Farigiraf|65/100\n|move|p1b: Farigiraf|Hyper Voice|p2b: Incineroar|[spread] p2a,p2b\n|-crit|p2a: Farigiraf\n|-damage|p2a: Farigiraf|72/100\n|-damage|p2b: Incineroar|34/100\n|\n|upkeep\n|\n|t:|1776015883\n|switch|p1a: Kingambit|Kingambit, L50, M|100/100\n|turn|3\n|\n|t:|1776015902\n|switch|p2a: Primarina|Primarina, L50, M|100/100\n|move|p1b: Farigiraf|Ally Switch|p1b: Farigiraf\n|swap|p1b: Farigiraf|0|[from] move: Ally Switch\n|move|p2b: Incineroar|Parting Shot|p1b: Kingambit\n|-unboost|p1b: Kingambit|atk|1\n|-ability|p1b: Kingambit|Defiant|boost\n|-boost|p1b: Kingambit|atk|2\n|-unboost|p1b: Kingambit|spa|1\n|-ability|p1b: Kingambit|Defiant|boost\n|-boost|p1b: Kingambit|atk|2\n|\n|t:|1776015911\n|switch|p2b: Crabominable|Crabominable, L50, F|100/100|[from] Parting Shot\n|move|p1b: Kingambit|Low Kick|p2b: Crabominable\n|-supereffective|p2b: Crabominable|1\n|-damage|p2b: Crabominable|0 fnt\n|faint|p2b: Crabominable\n|\n|upkeep\n|\n|t:|1776015919\n|switch|p2b: Incineroar|Incineroar, L50, M|34/100\n|-ability|p2b: Incineroar|Intimidate|boost\n|-unboost|p1a: Farigiraf|atk|1\n|-unboost|p1b: Kingambit|atk|1\n|-ability|p1b: Kingambit|Defiant|boost\n|-boost|p1b: Kingambit|atk|2\n|turn|4\n|\n|t:|1776015936\n|move|p2b: Incineroar|Flare Blitz|p1a: Farigiraf\n|-damage|p1a: Farigiraf|29/100\n|-enditem|p1a: Farigiraf|Sitrus Berry|[eat]\n|-heal|p1a: Farigiraf|54/100|[from] item: Sitrus Berry\n|-damage|p2b: Incineroar|21/100|[from] Recoil\n|move|p2a: Primarina|Hyper Voice|p1a: Farigiraf|[spread] p1a,p1b\n|-damage|p1a: Farigiraf|15/100\n|-damage|p1b: Kingambit|60/100\n|move|p1a: Farigiraf|Hyper Voice|p2b: Incineroar|[spread] p2a,p2b\n|-damage|p2a: Primarina|80/100\n|-damage|p2b: Incineroar|0 fnt\n|faint|p2b: Incineroar\n|move|p1b: Kingambit|Iron Head|p2a: Primarina\n|-damage|p2a: Primarina|0 fnt\n|faint|p2a: Primarina\n|\n|upkeep\n|-message|SylveonImran forfeited.\n|\n|win|beykinzmon\n|raw|beykinzmon's rating: 1043 &rarr; <strong>1077</strong><br />(+34 for winning)\n|raw|SylveonImran's rating: 1051 &rarr; <strong>1033</strong><br />(-18 for losing)\n|l|\u2606SylveonImran\n|player|p2|\n",
  "uploadtime": 1776015954,
  "views": 25,
  "formatid": "gen9championsvgc2026regma",
  "rating": 1033,
  "private": 0,
  "password": null
}