{
  "id": "gen9championsvgc2026regma-2586114138",
  "format": "[Gen 9 Champions] VGC 2026 Reg M-A",
  "players": [
    "bruhgokusolo",
    "faric"
  ],
  "log": "|j|\u2606bruhgokusolo\n|j|\u2606faric\n|t:|1776400661\n|gametype|doubles\n|player|p1|bruhgokusolo|102|1193\n|player|p2|faric|170|1280\n|gen|9\n|tier|[Gen 9 Champions] VGC 2026 Reg M-A\n|rated|\n|rule|Species Clause: Limit one of each Pok\u00e9mon\n|rule|Item Clause: Limit 1 of each item\n|clearpoke\n|poke|p1|Aerodactyl, L50, M|\n|poke|p1|Incineroar, L50, M|\n|poke|p1|Floette-Eternal, L50, F|\n|poke|p1|Rotom-Wash, L50|\n|poke|p1|Garchomp, L50, M|\n|poke|p1|Sneasler, L50, M|\n|poke|p2|Charizard, L50, F|\n|poke|p2|Garchomp, L50, M|\n|poke|p2|Rotom-Wash, L50|\n|poke|p2|Incineroar, L50, M|\n|poke|p2|Sneasler, L50, M|\n|poke|p2|Whimsicott, L50, M|\n|teampreview|4\n|inactive|Battle timer is ON: inactive players will automatically lose when time's up. (requested by faric)\n|\n|t:|1776400686\n|teamsize|p1|4\n|teamsize|p2|4\n|start\n|switch|p1a: Rotom|Rotom-Wash, L50|100/100\n|switch|p1b: Aerodactyl|Aerodactyl, L50, M|100/100\n|switch|p2a: Incineroar|Incineroar, L50, M|100/100\n|switch|p2b: Rotom|Rotom-Wash, L50|100/100\n|-ability|p1b: Aerodactyl|Unnerve\n|-ability|p2a: Incineroar|Intimidate|boost\n|-unboost|p1a: Rotom|atk|1\n|-unboost|p1b: Aerodactyl|atk|1\n|turn|1\n|\n|t:|1776400695\n|move|p2a: Incineroar|Fake Out|p1b: Aerodactyl\n|-resisted|p1b: Aerodactyl|1\n|-damage|p1b: Aerodactyl|90/100\n|move|p1a: Rotom|Hydro Pump|p2a: Incineroar\n|-supereffective|p2a: Incineroar|1\n|-damage|p2a: Incineroar|11/100\n|cant|p1b: Aerodactyl|flinch\n|move|p2b: Rotom|Thunderbolt|p1b: Aerodactyl\n|-supereffective|p1b: Aerodactyl|1\n|-damage|p1b: Aerodactyl|0 fnt\n|-enditem|p2a: Incineroar|Sitrus Berry|[eat]\n|-heal|p2a: Incineroar|36/100|[from] item: Sitrus Berry\n|faint|p1b: Aerodactyl\n|\n|upkeep\n|\n|t:|1776400701\n|switch|p1b: Sneasler|Sneasler, L50, M|100/100\n|turn|2\n|\n|t:|1776400716\n|switch|p2a: Whimsicott|Whimsicott, L50, M|100/100\n|move|p1b: Sneasler|Fake Out|p2b: Rotom\n|-damage|p2b: Rotom|84/100\n|move|p1a: Rotom|Hydro Pump|p2a: Whimsicott|[miss]\n|-miss|p1a: Rotom|p2a: Whimsicott\n|cant|p2b: Rotom|flinch\n|\n|-heal|p2b: Rotom|90/100|[from] item: Leftovers\n|upkeep\n|turn|3\n|\n|t:|1776400728\n|move|p2a: Whimsicott|Encore|p1b: Sneasler\n|-start|p1b: Sneasler|Encore\n|move|p1b: Sneasler|Fake Out||[still]\n|-hint|Fake Out only works on your first turn out.\n|-fail|p1b: Sneasler\n|move|p1a: Rotom|Hydro Pump|p2b: Rotom\n|-resisted|p2b: Rotom|1\n|-damage|p2b: Rotom|63/100\n|move|p2b: Rotom|Hydro Pump|p1b: Sneasler\n|-damage|p1b: Sneasler|30/100\n|\n|-heal|p2b: Rotom|69/100|[from] item: Leftovers\n|upkeep\n|turn|4\n|\n|t:|1776400743\n|switch|p1b: Floette|Floette-Eternal, L50, F|100/100\n|move|p1a: Rotom|Hydro Pump|p2b: Rotom|[miss]\n|-miss|p1a: Rotom|p2b: Rotom\n|move|p2a: Whimsicott|Moonblast|p1b: Floette\n|-damage|p1b: Floette|65/100\n|move|p2b: Rotom|Volt Switch|p1b: Floette\n|-damage|p1b: Floette|30/100\n|-message|bruhgokusolo forfeited.\n|\n|win|faric\n|raw|bruhgokusolo's rating: 1193 &rarr; <strong>1174</strong><br />(-19 for losing)\n|raw|faric's rating: 1280 &rarr; <strong>1299</strong><br />(+19 for winning)\n|l|\u2606bruhgokusolo\n|player|p1|\n",
  "uploadtime": 1776400759,
  "views": 33,
  "formatid": "gen9championsvgc2026regma",
  "rating": 1174,
  "private": 0,
  "password": null
}