{
  "id": "gen9championsvgc2026regma-2586786800",
  "format": "[Gen 9 Champions] VGC 2026 Reg M-A",
  "players": [
    "tf_lecter",
    "winterducky"
  ],
  "log": "|j|\u2606tf_lecter\n|j|\u2606winterducky\n|t:|1776459838\n|gametype|doubles\n|player|p1|tf_lecter|170|1086\n|player|p2|winterducky|265|1153\n|gen|9\n|tier|[Gen 9 Champions] VGC 2026 Reg M-A\n|rated|\n|rule|Species Clause: Limit one of each Pok\u00e9mon\n|rule|Item Clause: Limit 1 of each item\n|clearpoke\n|poke|p1|Rotom-Wash, L50|\n|poke|p1|Politoed, L50, M|\n|poke|p1|Feraligatr, L50, F|\n|poke|p1|Sneasler, L50, M|\n|poke|p1|Scizor, L50, F|\n|poke|p1|Sinistcha, L50|\n|poke|p2|Hawlucha, L50, F|\n|poke|p2|Incineroar, L50, F|\n|poke|p2|Ninetales-Alola, L50, M|\n|poke|p2|Alakazam, L50, M|\n|poke|p2|Basculegion, L50, M|\n|poke|p2|Snorlax, L50, M|\n|teampreview|4\ntf_lecter rejected open team sheets.\n|\n|t:|1776459885\n|teamsize|p1|4\n|teamsize|p2|4\n|start\n|switch|p1a: widepeepohappy|Politoed, L50, M|100/100\n|switch|p1b: flat fuck friday|Feraligatr, L50, F|100/100\n|switch|p2a: Alakazam|Alakazam, L50, M|100/100\n|switch|p2b: Snorlax|Snorlax, L50, M, shiny|100/100\n|-weather|RainDance|[from] ability: Drizzle|[of] p1a: widepeepohappy\n|turn|1\n|\n|t:|1776459914\n|detailschange|p1b: flat fuck friday|Feraligatr-Mega, L50, F\n|-mega|p1b: flat fuck friday|Feraligatr|Feraligite\n|move|p1b: flat fuck friday|Aqua Jet|p2a: Alakazam\n|-crit|p2a: Alakazam\n|-damage|p2a: Alakazam|0 fnt\n|faint|p2a: Alakazam\n|move|p1a: widepeepohappy|Weather Ball|p2b: Snorlax\n|-damage|p2b: Snorlax|72/100\n|move|p2b: Snorlax|Yawn|p1b: flat fuck friday\n|-start|p1b: flat fuck friday|move: Yawn|[of] p2b: Snorlax\n|\n|-weather|RainDance|[upkeep]\n|-heal|p2b: Snorlax|78/100|[from] item: Leftovers\n|upkeep\n|-message|winterducky forfeited.\n|\n|win|tf_lecter\n|raw|tf_lecter's rating: 1086 &rarr; <strong>1118</strong><br />(+32 for winning)\n|raw|winterducky's rating: 1153 &rarr; <strong>1123</strong><br />(-30 for losing)\n|l|\u2606winterducky\n|player|p2|\n",
  "uploadtime": 1776459932,
  "views": 27,
  "formatid": "gen9championsvgc2026regma",
  "rating": 1118,
  "private": 0,
  "password": null
}