{
  "id": "gen9championsvgc2026regma-2582697076",
  "format": "[Gen 9 Champions] VGC 2026 Reg M-A",
  "players": [
    "kantinevgc",
    "matwan"
  ],
  "log": "|j|\u2606kantinevgc\n|j|\u2606matwan\n|t:|1776107954\n|gametype|doubles\n|player|p1|kantinevgc|roughneck-gen4|1096\n|player|p2|matwan|170|1028\n|gen|9\n|tier|[Gen 9 Champions] VGC 2026 Reg M-A\n|rated|\n|rule|Species Clause: Limit one of each Pok\u00e9mon\n|rule|Item Clause: Limit 1 of each item\n|clearpoke\n|poke|p1|Chesnaught, L50, F|\n|poke|p1|Slowking-Galar, L50, F|\n|poke|p1|Incineroar, L50, M|\n|poke|p1|Ninetales-Alola, L50, M|\n|poke|p1|Kleavor, L50, F|\n|poke|p1|Aegislash, L50, M|\n|poke|p2|Lucario, L50, M|\n|poke|p2|Garchomp, L50, M|\n|poke|p2|Sinistcha, L50|\n|poke|p2|Basculegion, L50, M|\n|poke|p2|Incineroar, L50, M|\n|poke|p2|Aerodactyl, L50, M|\n|teampreview|4\n|\n|t:|1776107981\n|teamsize|p1|4\n|teamsize|p2|4\n|start\n|switch|p1a: Slowking|Slowking-Galar, L50, F|100/100\n|switch|p1b: Incineroar|Incineroar, L50, M|100/100\n|switch|p2a: Aerodactyl|Aerodactyl, L50, M|100/100\n|switch|p2b: Lucario|Lucario, L50, M|100/100\n|-ability|p2a: Aerodactyl|Unnerve\n|-ability|p1b: Incineroar|Intimidate|boost\n|-unboost|p2a: Aerodactyl|atk|1\n|-fail|p2b: Lucario|unboost|Attack|[from] ability: Inner Focus|[of] p2b: Lucario\n|turn|1\n|inactive|Battle timer is ON: inactive players will automatically lose when time's up. (requested by matwan)\n|\n|t:|1776107995\n|switch|p1b: Aegislash|Aegislash, L50, M|100/100\n|move|p2a: Aerodactyl|Protect|p2a: Aerodactyl\n|-singleturn|p2a: Aerodactyl|Protect\n|move|p2b: Lucario|Protect|p2b: Lucario\n|-singleturn|p2b: Lucario|Protect\n|move|p1a: Slowking|Trick Room|p1a: Slowking\n|-fieldstart|move: Trick Room|[of] p1a: Slowking\n|\n|upkeep\n|turn|2\n|\n|t:|1776108016\n|switch|p2a: Incineroar|Incineroar, L50, M|100/100\n|-ability|p2a: Incineroar|Intimidate|boost\n|-unboost|p1a: Slowking|atk|1\n|-unboost|p1b: Aegislash|atk|1\n|detailschange|p2b: Lucario|Lucario-Mega, L50, M\n|-mega|p2b: Lucario|Lucario|Lucarionite\n|move|p1a: Slowking|Eerie Spell|p2b: Lucario\n|-damage|p2b: Lucario|54/100\n|-activate|p2b: Lucario|move: Eerie Spell|Protect|3\n|-formechange|p1b: Aegislash|Aegislash-Blade|\n|move|p1b: Aegislash|Shadow Ball|p2b: Lucario\n|-damage|p2b: Lucario|0 fnt\n|faint|p2b: Lucario\n|\n|upkeep\n|-message|matwan forfeited.\n|\n|win|kantinevgc\n|raw|kantinevgc's rating: 1096 &rarr; <strong>1117</strong><br />(+21 for winning)\n|raw|matwan's rating: 1028 &rarr; <strong>1017</strong><br />(-11 for losing)\n|l|\u2606matwan\n|player|p2|\n",
  "uploadtime": 1776108032,
  "views": 10,
  "formatid": "gen9championsvgc2026regma",
  "rating": 1017,
  "private": 0,
  "password": null
}