{
  "id": "gen9championsvgc2026regma-2582163189",
  "format": "[Gen 9 Champions] VGC 2026 Reg M-A",
  "players": [
    "labaladecos",
    "It'sJustKen VGC"
  ],
  "log": "|j|\u2606labaladecos\n|j|\u2606It'sJustKen VGC\n|t:|1776066061\n|gametype|doubles\n|player|p1|labaladecos|hugh|1136\n|player|p2|It'sJustKen VGC|265|1139\n|gen|9\n|tier|[Gen 9 Champions] VGC 2026 Reg M-A\n|rated|\n|rule|Species Clause: Limit one of each Pok\u00e9mon\n|rule|Item Clause: Limit 1 of each item\n|clearpoke\n|poke|p1|Charizard, L50, M|\n|poke|p1|Whimsicott, L50, F|\n|poke|p1|Kingambit, L50, F|\n|poke|p1|Garchomp, L50, M|\n|poke|p1|Incineroar, L50, F|\n|poke|p1|Sneasler, L50, M|\n|poke|p2|Kingambit, L50, M|\n|poke|p2|Clefable, L50, F|\n|poke|p2|Chimecho, L50, M|\n|poke|p2|Golurk, L50|\n|poke|p2|Torkoal, L50, F|\n|poke|p2|Hawlucha, L50, F|\n|teampreview|4\n|inactive|Battle timer is ON: inactive players will automatically lose when time's up. (requested by It'sJustKen VGC)\n|inactive|labaladecos has 60 seconds left.\n|\n|t:|1776066119\n|teamsize|p1|4\n|teamsize|p2|4\n|start\n|switch|p1a: Charizard|Charizard, L50, M, shiny|100/100\n|switch|p1b: Kingambit|Kingambit, L50, F|100/100\n|switch|p2a: Important Object|Chimecho, L50, M|100/100\n|switch|p2b: Main Character|Clefable, L50, F, shiny|100/100\n|turn|1\n|inactive|labaladecos has 30 seconds left.\n|inactive|labaladecos has 20 seconds left.\n|inactive|labaladecos has 15 seconds left.\n|inactive|labaladecos has 10 seconds left.\n|\n|t:|1776066167\n|detailschange|p1a: Charizard|Charizard-Mega-Y, L50, M, shiny\n|-mega|p1a: Charizard|Charizard|Charizardite Y\n|-weather|SunnyDay|[from] ability: Drought|[of] p1a: Charizard\n|move|p2b: Main Character|Follow Me|p2b: Main Character\n|-singleturn|p2b: Main Character|move: Follow Me\n|move|p1a: Charizard|Heat Wave|p2a: Important Object|[spread] p2a,p2b\n|-damage|p2a: Important Object|44/100\n|-damage|p2b: Main Character|47/100\n|-status|p2a: Important Object|brn\n|move|p1b: Kingambit|Swords Dance|p1b: Kingambit\n|-boost|p1b: Kingambit|atk|2\n|move|p2a: Important Object|Trick Room|p2a: Important Object\n|-fieldstart|move: Trick Room|[of] p2a: Important Object\n|\n|-weather|SunnyDay|[upkeep]\n|-heal|p2b: Main Character|52/100|[from] item: Leftovers\n|-damage|p2a: Important Object|38/100 brn|[from] brn\n|upkeep\n|turn|2\n|inactive|It'sJustKen VGC has 30 seconds left.\n|inactive|It'sJustKen VGC has 20 seconds left.\n|\n|t:|1776066202\n|move|p1b: Kingambit|Protect|p1b: Kingambit\n|-singleturn|p1b: Kingambit|Protect\n|move|p2b: Main Character|Follow Me|p2b: Main Character\n|-singleturn|p2b: Main Character|move: Follow Me\n|move|p2a: Important Object|Hypnosis|p1a: Charizard\n|-status|p1a: Charizard|slp|[from] move: Hypnosis\n|cant|p1a: Charizard|slp\n|\n|-weather|SunnyDay|[upkeep]\n|-heal|p2b: Main Character|58/100|[from] item: Leftovers\n|-damage|p2a: Important Object|32/100 brn|[from] brn\n|upkeep\n|turn|3\n|\n|t:|1776066226\n|switch|p2b: Transport Vehicle|Golurk, L50, shiny|100/100\n|move|p1b: Kingambit|Kowtow Cleave|p2b: Transport Vehicle\n|-supereffective|p2b: Transport Vehicle|1\n|-damage|p2b: Transport Vehicle|0 fnt\n|faint|p2b: Transport Vehicle\n|move|p2a: Important Object|Skill Swap|p2: Transport Vehicle|[notarget]\n|-fail|p2a: Important Object\n|cant|p1a: Charizard|slp\n|\n|-weather|SunnyDay|[upkeep]\n|-damage|p2a: Important Object|26/100 brn|[from] brn\n|upkeep\n|inactive|It'sJustKen VGC has 30 seconds left.\n|-message|It'sJustKen VGC forfeited.\n|\n|win|labaladecos\n|raw|labaladecos's rating: 1136 &rarr; <strong>1163</strong><br />(+27 for winning)\n|raw|It&apos;sJustKen VGC's rating: 1162 &rarr; <strong>1135</strong><br />(-27 for losing)\n",
  "uploadtime": 1776066256,
  "views": 15,
  "formatid": "gen9championsvgc2026regma",
  "rating": 1135,
  "private": 0,
  "password": null
}