{
  "id": "gen9championsvgc2026regma-2586844068",
  "format": "[Gen 9 Champions] VGC 2026 Reg M-A",
  "players": [
    "blue schucle",
    "e242521"
  ],
  "log": "|j|\u2606blue schucle\n|j|\u2606e242521\n|t:|1776464663\n|gametype|doubles\n|player|p1|blue schucle|lance|1083\n|player|p2|e242521|boarder|1027\n|gen|9\n|tier|[Gen 9 Champions] VGC 2026 Reg M-A\n|rated|\n|rule|Species Clause: Limit one of each Pok\u00e9mon\n|rule|Item Clause: Limit 1 of each item\n|clearpoke\n|poke|p1|Sinistcha-Masterpiece, L50|\n|poke|p1|Aggron, L50, M|\n|poke|p1|Snorlax, L50, M|\n|poke|p1|Incineroar, L50, M|\n|poke|p1|Corviknight, L50, M|\n|poke|p1|Torkoal, L50, F|\n|poke|p2|Pikachu, L50, M|\n|poke|p2|Charizard, L50, M|\n|poke|p2|Whimsicott, L50, M|\n|poke|p2|Froslass, L50, F|\n|poke|p2|Farigiraf, L50, F|\n|poke|p2|Rotom-Wash, L50|\n|teampreview|4\n|inactive|Battle timer is ON: inactive players will automatically lose when time's up. (requested by e242521)\n|inactive|blue schucle has 60 seconds left.\n|\n|t:|1776464698\n|teamsize|p1|4\n|teamsize|p2|4\n|start\n|switch|p1a: Ch\u00e1-blau|Sinistcha-Masterpiece, L50|100/100\n|switch|p1b: Montezuma|Snorlax, L50, M, shiny|100/100\n|switch|p2a: Rotom|Rotom-Wash, L50|100/100\n|switch|p2b: Pikachu|Pikachu, L50, M|100/100\n|turn|1\n|\n|t:|1776464713\n|move|p2a: Rotom|Shadow Ball|p1a: Ch\u00e1-blau\n|-supereffective|p1a: Ch\u00e1-blau|1\n|-damage|p1a: Ch\u00e1-blau|53/100\n|move|p2b: Pikachu|Knock Off|p1a: Ch\u00e1-blau\n|-supereffective|p1a: Ch\u00e1-blau|1\n|-damage|p1a: Ch\u00e1-blau|10/100\n|-enditem|p1a: Ch\u00e1-blau|Mental Herb|[from] move: Knock Off|[of] p2b: Pikachu\n|move|p1b: Montezuma|Self-Destruct|p2b: Pikachu|[spread] p2a,p2b\n|-immune|p1a: Ch\u00e1-blau\n|-damage|p2a: Rotom|0 fnt\n|-damage|p2b: Pikachu|0 fnt\n|faint|p1b: Montezuma\n|faint|p2a: Rotom\n|faint|p2b: Pikachu\n|move|p1a: Ch\u00e1-blau|Trick Room|p1a: Ch\u00e1-blau\n|-fieldstart|move: Trick Room|[of] p1a: Ch\u00e1-blau\n|\n|upkeep\n|inactive|blue schucle has 30 seconds left.\n|\n|t:|1776464741\n|switch|p1b: Tata|Torkoal, L50, F, shiny|100/100\n|switch|p2b: Froslass|Froslass, L50, F|100/100\n|switch|p2a: Charizard|Charizard, L50, M|100/100\n|-weather|SunnyDay|[from] ability: Drought|[of] p1b: Tata\n|turn|2\n|\n|t:|1776464762\n|switch|p1a: HeavyMetal|Aggron, L50, M|100/100\n|detailschange|p2b: Froslass|Froslass-Mega, L50, F\n|-mega|p2b: Froslass|Froslass|Froslassite\n|-weather|Snowscape|[from] ability: Snow Warning|[of] p2b: Froslass\n|move|p2b: Froslass|Protect|p2b: Froslass\n|-singleturn|p2b: Froslass|Protect\n|move|p1b: Tata|Eruption|p2b: Froslass|[spread] p2a\n|-activate|p2b: Froslass|move: Protect\n|-resisted|p2a: Charizard|1\n|-damage|p2a: Charizard|68/100\n|move|p2a: Charizard|Rock Slide|p1b: Tata|[spread] p1a,p1b\n|-resisted|p1a: HeavyMetal|1\n|-supereffective|p1b: Tata|1\n|-damage|p1a: HeavyMetal|98/100\n|-damage|p1b: Tata|86/100\n|\n|-weather|Snowscape|[upkeep]\n|upkeep\n|turn|3\n|inactive|blue schucle has 30 seconds left.\n|\n|t:|1776464788\n|detailschange|p1a: HeavyMetal|Aggron-Mega, L50, M\n|-mega|p1a: HeavyMetal|Aggron|Aggronite\n|move|p1b: Tata|Eruption|p2b: Froslass|[spread] p2a,p2b\n|-resisted|p2a: Charizard|1\n|-supereffective|p2b: Froslass|1\n|-damage|p2a: Charizard|40/100\n|-damage|p2b: Froslass|0 fnt\n|faint|p2b: Froslass\n|move|p1a: HeavyMetal|Rock Blast|p2a: Charizard\n|-supereffective|p2a: Charizard|2\n|-damage|p2a: Charizard|0 fnt\n|faint|p2a: Charizard\n|-hitcount|p2: Charizard|1\n|\n|win|blue schucle\n|raw|blue schucle's rating: 1083 &rarr; <strong>1106</strong><br />(+23 for winning)\n|raw|e242521's rating: 1027 &rarr; <strong>1015</strong><br />(-12 for losing)\n|l|\u2606e242521\n|player|p2|\n",
  "uploadtime": 1776464800,
  "views": 23,
  "formatid": "gen9championsvgc2026regma",
  "rating": 1015,
  "private": 0,
  "password": null
}