{
  "id": "gen9championsvgc2026regma-2584758764",
  "format": "[Gen 9 Champions] VGC 2026 Reg M-A",
  "players": [
    "corek",
    "WojtusG"
  ],
  "log": "|j|\u2606corek\n|j|\u2606WojtusG\n|t:|1776281615\n|gametype|doubles\n|player|p1|corek|lucas|1100\n|player|p2|WojtusG|steven|1074\n|gen|9\n|tier|[Gen 9 Champions] VGC 2026 Reg M-A\n|rated|\n|rule|Species Clause: Limit one of each Pok\u00e9mon\n|rule|Item Clause: Limit 1 of each item\n|clearpoke\n|poke|p1|Lucario, L50, F|\n|poke|p1|Meowscarada, L50, F|\n|poke|p1|Infernape, L50, M|\n|poke|p1|Scizor, L50, M|\n|poke|p1|Farigiraf, L50, F|\n|poke|p1|Sharpedo, L50, M|\n|poke|p2|Zoroark-Hisui, L50, M|\n|poke|p2|Meganium, L50, F|\n|poke|p2|Pelipper, L50, F|\n|poke|p2|Archaludon, L50, M|\n|poke|p2|Sneasler, L50, M|\n|poke|p2|Incineroar, L50, F|\n|teampreview|4\n|\n|t:|1776281640\n|teamsize|p1|4\n|teamsize|p2|4\n|start\n|switch|p1a: Sharpedo|Sharpedo, L50, M|100/100\n|switch|p1b: Infernape|Infernape, L50, M|100/100\n|switch|p2a: 1000-THR|Archaludon, L50, M|100/100\n|switch|p2b: Rain set mon|Pelipper, L50, F|100/100\n|-weather|RainDance|[from] ability: Drizzle|[of] p2b: Rain set mon\n|turn|1\n|inactive|Battle timer is ON: inactive players will automatically lose when time's up. (requested by corek)\n|\n|t:|1776281662\n|move|p1a: Sharpedo|Protect|p1a: Sharpedo\n|-singleturn|p1a: Sharpedo|Protect\n|move|p2a: 1000-THR|Nasty Plot|p2a: 1000-THR\n|-boost|p2a: 1000-THR|spa|2\n|move|p1b: Infernape|Thunder Punch|p2b: Rain set mon\n|-supereffective|p2b: Rain set mon|2\n|-damage|p2b: Rain set mon|17/100\n|-enditem|p2b: Rain set mon|Sitrus Berry|[eat]\n|-heal|p2b: Rain set mon|41/100|[from] item: Sitrus Berry\n|move|p2b: Rain set mon|Tailwind|p2b: Rain set mon\n|-sidestart|p2: WojtusG|move: Tailwind\n|\n|-weather|RainDance|[upkeep]\n|-ability|p1a: Sharpedo|Speed Boost|boost\n|-boost|p1a: Sharpedo|spe|1\n|upkeep\n|turn|2\n|inactive|corek has 30 seconds left.\n|\n|t:|1776281692\n|move|p2a: 1000-THR|Hyper Voice|p1a: Sharpedo|[spread] p1a,p1b\n|-damage|p1a: Sharpedo|0 fnt\n|-damage|p1b: Infernape|0 fnt\n|faint|p1a: Sharpedo\n|faint|p1b: Infernape\n|move|p2b: Rain set mon|Hurricane|p1: Sharpedo|[notarget]\n|-fail|p2b: Rain set mon\n|\n|-weather|RainDance|[upkeep]\n|upkeep\n|\n|t:|1776281701\n|switch|p1b: Lucario|Lucario, L50, F|100/100\n|switch|p1a: Farigiraf|Farigiraf, L50, F|100/100\n|turn|3\n|\n|t:|1776281709\n|move|p2a: 1000-THR|Hyper Voice|p1b: Lucario|[spread] p1a,p1b\n|-resisted|p1b: Lucario|1\n|-damage|p1a: Farigiraf|2/100\n|-damage|p1b: Lucario|24/100\n|move|p1b: Lucario|Close Combat|p2a: 1000-THR\n|-immune|p2a: 1000-THR\n|move|p2b: Rain set mon|Hurricane|p1b: Lucario\n|-damage|p1b: Lucario|0 fnt\n|faint|p1b: Lucario\n|move|p1a: Farigiraf|Thunder|p2b: Rain set mon\n|-supereffective|p2b: Rain set mon|2\n|-damage|p2b: Rain set mon|0 fnt\n|faint|p2b: Rain set mon\n|\n|-weather|RainDance|[upkeep]\n|-heal|p1a: Farigiraf|8/100|[from] item: Leftovers\n|upkeep\n|\n|t:|1776281725\n|switch|p2b: 1000-THR|Archaludon, L50, M|100/100\n|turn|4\n|\n|t:|1776281734\n|move|p2a: 1000-THR|Nasty Plot|p2a: 1000-THR\n|-boost|p2a: 1000-THR|spa|2\n|move|p2b: 1000-THR|Electro Shot||[still]\n|-prepare|p2b: 1000-THR|Electro Shot\n|-boost|p2b: 1000-THR|spa|1\n|-anim|p2b: 1000-THR|Electro Shot|p1a: Farigiraf\n|-damage|p1a: Farigiraf|0 fnt\n|faint|p1a: Farigiraf\n|\n|win|WojtusG\n|raw|corek's rating: 1100 &rarr; <strong>1073</strong><br />(-27 for losing)\n|raw|WojtusG's rating: 1074 &rarr; <strong>1105</strong><br />(+31 for winning)\n|l|\u2606corek\n|player|p1|\n",
  "uploadtime": 1776281764,
  "views": 21,
  "formatid": "gen9championsvgc2026regma",
  "rating": 1073,
  "private": 0,
  "password": null
}