{
  "id": "gen9championsvgc2026regma-2582700536",
  "format": "[Gen 9 Champions] VGC 2026 Reg M-A",
  "players": [
    "theluckyone26",
    "Agesanamon"
  ],
  "log": "|j|\u2606theluckyone26\n|j|\u2606Agesanamon\n|t:|1776108180\n|gametype|doubles\n|player|p1|theluckyone26|gentleman-gen4|1076\n|player|p2|Agesanamon|swimmer-gen4dp|1068\n|gen|9\n|tier|[Gen 9 Champions] VGC 2026 Reg M-A\n|rated|\n|rule|Species Clause: Limit one of each Pok\u00e9mon\n|rule|Item Clause: Limit 1 of each item\n|clearpoke\n|poke|p1|Whimsicott, L50, F|\n|poke|p1|Charizard, L50, M|\n|poke|p1|Venusaur, L50, F|\n|poke|p1|Torkoal, L50, F|\n|poke|p1|Incineroar, L50, F|\n|poke|p1|Farigiraf, L50, M|\n|poke|p2|Charizard, L50, F|\n|poke|p2|Polteageist, L50|\n|poke|p2|Floette-Eternal, L50, F|\n|poke|p2|Incineroar, L50, M|\n|poke|p2|Maushold, L50|\n|poke|p2|Sinistcha-Masterpiece, L50|\n|teampreview|4\n|inactive|Battle timer is ON: inactive players will automatically lose when time's up. (requested by Agesanamon)\n|inactive|theluckyone26 also wants the timer to be on.\n|inactive|Agesanamon has 60 seconds left.\n|\n|t:|1776108214\n|teamsize|p1|4\n|teamsize|p2|4\n|start\n|switch|p1a: Charizard|Charizard, L50, M|100/100\n|switch|p1b: Whimsicott|Whimsicott, L50, F|100/100\n|switch|p2a: Polteageist|Polteageist, L50|100/100\n|switch|p2b: Maushold|Maushold, L50|100/100\n|turn|1\n|\n|t:|1776108238\n|detailschange|p1a: Charizard|Charizard-Mega-Y, L50, M\n|-mega|p1a: Charizard|Charizard|Charizardite Y\n|-weather|SunnyDay|[from] ability: Drought|[of] p1a: Charizard\n|move|p1b: Whimsicott|Tailwind|p1b: Whimsicott\n|-sidestart|p1: theluckyone26|move: Tailwind\n|move|p1a: Charizard|Heat Wave|p2b: Maushold|[spread] p2a,p2b\n|-damage|p2a: Polteageist|54/100\n|-damage|p2b: Maushold|19/100\n|move|p2b: Maushold|Taunt|p1b: Whimsicott\n|-start|p1b: Whimsicott|move: Taunt\n|move|p2a: Polteageist|Shell Smash|p2a: Polteageist\n|-unboost|p2a: Polteageist|def|1\n|-unboost|p2a: Polteageist|spd|1\n|-boost|p2a: Polteageist|atk|2\n|-boost|p2a: Polteageist|spa|2\n|-boost|p2a: Polteageist|spe|2\n|-enditem|p2a: Polteageist|White Herb\n|-clearnegativeboost|p2a: Polteageist|[silent]\n|\n|-weather|SunnyDay|[upkeep]\n|upkeep\n|turn|2\n|\n|t:|1776108257\n|move|p2b: Maushold|Follow Me|p2b: Maushold\n|-singleturn|p2b: Maushold|move: Follow Me\n|move|p1a: Charizard|Heat Wave|p2a: Polteageist|[spread] p2a,p2b\n|-damage|p2a: Polteageist|6/100\n|-damage|p2b: Maushold|0 fnt\n|faint|p2b: Maushold\n|move|p1b: Whimsicott|Moonblast|p2a: Polteageist\n|-damage|p2a: Polteageist|0 fnt\n|-start|p1b: Whimsicott|Disable|Moonblast|[from] ability: Cursed Body|[of] p2a: Polteageist\n|faint|p2a: Polteageist\n|\n|-weather|SunnyDay|[upkeep]\n|upkeep\n|-message|Agesanamon forfeited.\n|\n|win|theluckyone26\n|raw|theluckyone26's rating: 1076 &rarr; <strong>1104</strong><br />(+28 for winning)\n|raw|Agesanamon's rating: 1068 &rarr; <strong>1048</strong><br />(-20 for losing)\n|l|\u2606Agesanamon\n|player|p2|\n|c|\u2606theluckyone26|Lmao\n|l|\u2606theluckyone26\n|player|p1|\n|j|\u2606theluckyone26\n|player|p1|theluckyone26|gentleman-gen4|\n",
  "uploadtime": 1776108282,
  "views": 24,
  "formatid": "gen9championsvgc2026regma",
  "rating": 1048,
  "private": 0,
  "password": null
}