{
  "id": "gen9championsvgc2026regma-2584867555",
  "format": "[Gen 9 Champions] VGC 2026 Reg M-A",
  "players": [
    "vapoureonlover69",
    "WaluigiVGC"
  ],
  "log": "|j|\u2606vapoureonlover69\n|j|\u2606WaluigiVGC\n|t:|1776289978\n|gametype|doubles\n|player|p1|vapoureonlover69|dawn|1022\n|player|p2|WaluigiVGC|101|1041\n|gen|9\n|tier|[Gen 9 Champions] VGC 2026 Reg M-A\n|rated|\n|rule|Species Clause: Limit one of each Pok\u00e9mon\n|rule|Item Clause: Limit 1 of each item\n|clearpoke\n|poke|p1|Maushold-Four, L50|\n|poke|p1|Hydrapple, L50, M|\n|poke|p1|Aegislash, L50, F|\n|poke|p1|Floette-Eternal, L50, F|\n|poke|p1|Incineroar, L50, M|\n|poke|p1|Tauros-Paldea-Aqua, L50, M|\n|poke|p2|Sneasler, L50, M|\n|poke|p2|Aerodactyl, L50, F|\n|poke|p2|Basculegion, L50, M|\n|poke|p2|Incineroar, L50, M|\n|poke|p2|Floette-Eternal, L50, F|\n|poke|p2|Sinistcha, L50|\n|teampreview|4\n|inactive|Battle timer is ON: inactive players will automatically lose when time's up. (requested by WaluigiVGC)\n|\n|t:|1776290015\n|teamsize|p1|4\n|teamsize|p2|4\n|start\n|switch|p1a: Maushold|Maushold-Four, L50|100/100\n|switch|p1b: Incineroar|Incineroar, L50, M|100/100\n|switch|p2a: Sneasler|Sneasler, L50, M|100/100\n|switch|p2b: Floette|Floette-Eternal, L50, F|100/100\n|-ability|p1b: Incineroar|Intimidate|boost\n|-unboost|p2a: Sneasler|atk|1\n|-unboost|p2b: Floette|atk|1\n|-enditem|p2a: Sneasler|White Herb\n|-clearnegativeboost|p2a: Sneasler|[silent]\n|turn|1\n|inactive|vapoureonlover69 has 30 seconds left.\n|\n|t:|1776290047\n|switch|p1b: Hydrapple|Hydrapple, L50, M|100/100\n|-ability|p1b: Hydrapple|Supersweet Syrup\n|-unboost|p2a: Sneasler|evasion|1\n|-unboost|p2b: Floette|evasion|1\n|detailschange|p2b: Floette|Floette-Mega, L50, F\n|-mega|p2b: Floette|Floette|Floettite\n|-ability|p2b: Floette|Fairy Aura\n|move|p2a: Sneasler|Fake Out|p1b: Hydrapple\n|-damage|p1b: Hydrapple|90/100\n|move|p1a: Maushold|Population Bomb|p2a: Sneasler\n|-damage|p2a: Sneasler|75/100\n|-damage|p2a: Sneasler|50/100\n|-damage|p2a: Sneasler|27/100\n|-damage|p2a: Sneasler|6/100\n|-damage|p2a: Sneasler|0 fnt\n|faint|p2a: Sneasler\n|-hitcount|p2: Sneasler|5\n|move|p2b: Floette|Calm Mind|p2b: Floette\n|-boost|p2b: Floette|spa|1\n|-boost|p2b: Floette|spd|1\n|\n|upkeep\n|inactive|WaluigiVGC has 30 seconds left.\n|\n|t:|1776290074\n|switch|p2a: Sinistcha|Sinistcha, L50|100/100\n|turn|2\n|inactive|vapoureonlover69 has 30 seconds left.\n|\n|t:|1776290104\n|move|p2a: Sinistcha|Rage Powder|p2a: Sinistcha\n|-singleturn|p2a: Sinistcha|move: Rage Powder\n|move|p1a: Maushold|Bite|p2a: Sinistcha\n|-supereffective|p2a: Sinistcha|1\n|-damage|p2a: Sinistcha|69/100\n|move|p2b: Floette|Dazzling Gleam|p1b: Hydrapple|[spread] p1a,p1b\n|-crit|p1a: Maushold\n|-supereffective|p1b: Hydrapple|1\n|-damage|p1a: Maushold|0 fnt\n|-damage|p1b: Hydrapple|0 fnt\n|faint|p1a: Maushold\n|faint|p1b: Hydrapple\n|\n|upkeep\n|-message|vapoureonlover69 forfeited.\n|\n|win|WaluigiVGC\n|raw|vapoureonlover69's rating: 1022 &rarr; <strong>1009</strong><br />(-13 for losing)\n|raw|WaluigiVGC's rating: 1041 &rarr; <strong>1073</strong><br />(+32 for winning)\n",
  "uploadtime": 1776290117,
  "views": 23,
  "formatid": "gen9championsvgc2026regma",
  "rating": 1009,
  "private": 0,
  "password": null
}