{
  "id": "gen9championsvgc2026regma-2587001478",
  "format": "[Gen 9 Champions] VGC 2026 Reg M-A",
  "players": [
    "iqsolid",
    "Charizard=trash"
  ],
  "log": "|j|\u2606iqsolid\n|j|\u2606Charizard=trash\n|t:|1776480001\n|gametype|doubles\n|player|p1|iqsolid|steven|1371\n|player|p2|Charizard=trash|carmine-festival|1438\n|gen|9\n|tier|[Gen 9 Champions] VGC 2026 Reg M-A\n|rated|\n|rule|Species Clause: Limit one of each Pok\u00e9mon\n|rule|Item Clause: Limit 1 of each item\n|clearpoke\n|poke|p1|Maushold, L50|\n|poke|p1|Rotom-Wash, L50|\n|poke|p1|Incineroar, L50, M|\n|poke|p1|Whimsicott, L50, M|\n|poke|p1|Gengar, L50, F|\n|poke|p1|Goodra-Hisui, L50, F|\n|poke|p2|Froslass, L50, F|\n|poke|p2|Sneasler, L50, F|\n|poke|p2|Mamoswine, L50, M|\n|poke|p2|Basculegion, L50, M|\n|poke|p2|Aerodactyl, L50, M|\n|poke|p2|Rotom-Wash, L50|\n|teampreview|4\n|inactive|Battle timer is ON: inactive players will automatically lose when time's up. (requested by Charizard=trash)\n|\n|t:|1776480061\n|teamsize|p1|4\n|teamsize|p2|4\n|start\n|switch|p1a: Rotom|Rotom-Wash, L50|100/100\n|switch|p1b: Gengar|Gengar, L50, F|100/100\n|switch|p2a: Aerodactyl|Aerodactyl, L50, M|100/100\n|switch|p2b: Froslass|Froslass, L50, F|100/100\n|-ability|p2a: Aerodactyl|Unnerve\n|turn|1\n|\n|t:|1776480084\n|detailschange|p2b: Froslass|Froslass-Mega, L50, F\n|-mega|p2b: Froslass|Froslass|Froslassite\n|-weather|Snowscape|[from] ability: Snow Warning|[of] p2b: Froslass\n|detailschange|p1b: Gengar|Gengar-Mega, L50, F\n|-mega|p1b: Gengar|Gengar|Gengarite\n|move|p1a: Rotom|Electroweb|p2b: Froslass|[spread] p2a,p2b\n|-supereffective|p2a: Aerodactyl|1\n|-damage|p2a: Aerodactyl|50/100\n|-damage|p2b: Froslass|79/100\n|-unboost|p2a: Aerodactyl|spe|1\n|-unboost|p2b: Froslass|spe|1\n|move|p1b: Gengar|Shadow Ball|p2b: Froslass\n|-supereffective|p2b: Froslass|1\n|-damage|p2b: Froslass|0 fnt\n|faint|p2b: Froslass\n|move|p2a: Aerodactyl|Tailwind|p2a: Aerodactyl\n|-sidestart|p2: Charizard=trash|move: Tailwind\n|\n|-weather|Snowscape|[upkeep]\n|upkeep\n|\n|t:|1776480099\n|switch|p2b: Mamoswine|Mamoswine, L50, M|100/100\n|turn|2\n|\n|t:|1776480111\n|move|p1b: Gengar|Protect|p1b: Gengar\n|-singleturn|p1b: Gengar|Protect\n|move|p2a: Aerodactyl|Rock Slide|p1a: Rotom|[spread] p1a\n|-activate|p1b: Gengar|move: Protect\n|-damage|p1a: Rotom|70/100\n|move|p1a: Rotom|Electroweb|p2b: Mamoswine|[spread] p2a\n|-immune|p2b: Mamoswine\n|-supereffective|p2a: Aerodactyl|1\n|-damage|p2a: Aerodactyl|0 fnt\n|faint|p2a: Aerodactyl\n|move|p2b: Mamoswine|High Horsepower|p1b: Gengar\n|-activate|p1b: Gengar|move: Protect\n|\n|-weather|Snowscape|[upkeep]\n|upkeep\n|\n|t:|1776480114\n|switch|p2a: Basculegion|Basculegion, L50, M|100/100\n|turn|3\n|\n|t:|1776480138\n|switch|p1a: Incineroar|Incineroar, L50, M|100/100\n|-ability|p1a: Incineroar|Intimidate|boost\n|-unboost|p2a: Basculegion|atk|1\n|-unboost|p2b: Mamoswine|atk|1\n|switch|p1b: Whimsicott|Whimsicott, L50, M|100/100\n|move|p2a: Basculegion|Last Respects|p1a: Incineroar\n|-resisted|p1a: Incineroar|1\n|-damage|p1a: Incineroar|73/100\n|move|p2b: Mamoswine|High Horsepower|p1b: Whimsicott\n|-resisted|p1b: Whimsicott|1\n|-damage|p1b: Whimsicott|82/100\n|\n|-weather|Snowscape|[upkeep]\n|upkeep\n|turn|4\n|\n|t:|1776480158\n|switch|p1a: Rotom|Rotom-Wash, L50|70/100\n|move|p1b: Whimsicott|Tailwind|p1b: Whimsicott\n|-sidestart|p1: iqsolid|move: Tailwind\n|move|p2a: Basculegion|Last Respects|p1b: Whimsicott\n|-damage|p1b: Whimsicott|0 fnt\n|faint|p1b: Whimsicott\n|move|p2b: Mamoswine|High Horsepower|p1a: Rotom\n|-immune|p1a: Rotom|[from] ability: Levitate\n|\n|-weather|Snowscape|[upkeep]\n|-sideend|p2: Charizard=trash|move: Tailwind\n|upkeep\n|-message|Charizard=trash forfeited.\n|\n|win|iqsolid\n|raw|iqsolid's rating: 1371 &rarr; <strong>1395</strong><br />(+24 for winning)\n|raw|Charizard=trash's rating: 1438 &rarr; <strong>1414</strong><br />(-24 for losing)\n|l|\u2606Charizard=trash\n|player|p2|\n",
  "uploadtime": 1776480172,
  "views": 28,
  "formatid": "gen9championsvgc2026regma",
  "rating": 1395,
  "private": 0,
  "password": null
}