{
  "id": "gen9championsvgc2026regma-2588089959",
  "format": "[Gen 9 Champions] VGC 2026 Reg M-A",
  "players": [
    "shatteredxprime",
    "MvillMpersonality"
  ],
  "log": "|j|\u2606shatteredxprime\n|j|\u2606MvillMpersonality\n|t:|1776603097\n|gametype|doubles\n|player|p1|shatteredxprime|steven|1042\n|player|p2|MvillMpersonality|169|1055\n|gen|9\n|tier|[Gen 9 Champions] VGC 2026 Reg M-A\n|rated|\n|rule|Species Clause: Limit one of each Pok\u00e9mon\n|rule|Item Clause: Limit 1 of each item\n|clearpoke\n|poke|p1|Farigiraf, L50, F|\n|poke|p1|Clefable, L50, F|\n|poke|p1|Meganium, L50, M|\n|poke|p1|Cofagrigus, L50, M|\n|poke|p1|Empoleon, L50, F|\n|poke|p1|Ampharos, L50, M|\n|poke|p2|Scovillain, L50, M|\n|poke|p2|Sinistcha, L50|\n|poke|p2|Gallade, L50, M|\n|poke|p2|Kingambit, L50, M|\n|poke|p2|Rhyperior, L50, M|\n|poke|p2|Primarina, L50, F|\n|teampreview|4\n|\n|t:|1776603132\n|teamsize|p1|4\n|teamsize|p2|4\n|start\n|switch|p1a: Farigiraf|Farigiraf, L50, F|100/100\n|switch|p1b: Clefable|Clefable, L50, F|100/100\n|switch|p2a: The Antagonist|Scovillain, L50, M|100/100\n|switch|p2b: Kingambit|Kingambit, L50, M|100/100\n|turn|1\n|\n|t:|1776603149\n|detailschange|p2a: The Antagonist|Scovillain-Mega, L50, M\n|-mega|p2a: The Antagonist|Scovillain|Scovillainite\n|move|p2a: The Antagonist|Rage Powder|p2a: The Antagonist\n|-singleturn|p2a: The Antagonist|move: Rage Powder\n|move|p1b: Clefable|Follow Me|p1b: Clefable\n|-singleturn|p1b: Clefable|move: Follow Me\n|move|p2b: Kingambit|Iron Head|p1b: Clefable\n|-supereffective|p1b: Clefable|1\n|-damage|p1b: Clefable|0 fnt\n|faint|p1b: Clefable\n|move|p1a: Farigiraf|Trick Room|p1a: Farigiraf\n|-fieldstart|move: Trick Room|[of] p1a: Farigiraf\n|\n|upkeep\n|\n|t:|1776603161\n|switch|p1b: Ampharos|Ampharos, L50, M|100/100\n|turn|2\n|\n|t:|1776603178\n|detailschange|p1b: Ampharos|Ampharos-Mega, L50, M\n|-mega|p1b: Ampharos|Ampharos|Ampharosite\n|-ability|p1b: Ampharos|Mold Breaker\n|move|p2a: The Antagonist|Rage Powder|p2a: The Antagonist\n|-singleturn|p2a: The Antagonist|move: Rage Powder\n|move|p2b: Kingambit|Kowtow Cleave|p1a: Farigiraf\n|-supereffective|p1a: Farigiraf|1\n|-damage|p1a: Farigiraf|0 fnt\n|faint|p1a: Farigiraf\n|move|p1b: Ampharos|Dragon Pulse|p2a: The Antagonist\n|-damage|p2a: The Antagonist|42/100\n|-status|p1b: Ampharos|brn|[from] ability: Spicy Spray|[of] p2a: The Antagonist\n|\n|-damage|p1b: Ampharos|94/100 brn|[from] brn\n|upkeep\n|\n|t:|1776603194\n|switch|p1a: Empoleon|Empoleon, L50, F|100/100\n|turn|3\n|inactive|Battle timer is ON: inactive players will automatically lose when time's up. (requested by shatteredxprime)\n|\n|t:|1776603224\n|move|p2b: Kingambit|Kowtow Cleave|p1b: Ampharos\n|-damage|p1b: Ampharos|39/100 brn\n|move|p1b: Ampharos|Dragon Pulse|p2a: The Antagonist\n|-damage|p2a: The Antagonist|0 fnt\n|faint|p2a: The Antagonist\n|move|p1a: Empoleon|Hydro Pump|p2b: Kingambit\n|-damage|p2b: Kingambit|16/100\n|\n|-damage|p1b: Ampharos|33/100 brn|[from] brn\n|upkeep\n|\n|t:|1776603235\n|switch|p2a: The Beef|Rhyperior, L50, M|100/100\n|turn|4\n|\n|t:|1776603249\n|move|p2a: The Beef|High Horsepower|p1a: Empoleon\n|-supereffective|p1a: Empoleon|1\n|-crit|p1a: Empoleon\n|-damage|p1a: Empoleon|0 fnt\n|faint|p1a: Empoleon\n|move|p2b: Kingambit|Kowtow Cleave|p1b: Ampharos\n|-damage|p1b: Ampharos|0 fnt\n|faint|p1b: Ampharos\n|\n|win|MvillMpersonality\n|raw|shatteredxprime's rating: 1042 &rarr; <strong>1026</strong><br />(-16 for losing)\n|raw|MvillMpersonality's rating: 1055 &rarr; <strong>1086</strong><br />(+31 for winning)\n",
  "uploadtime": 1776603262,
  "views": 13,
  "formatid": "gen9championsvgc2026regma",
  "rating": 1026,
  "private": 0,
  "password": null
}