{
  "id": "gen9championsvgc2026regma-2584113129",
  "format": "[Gen 9 Champions] VGC 2026 Reg M-A",
  "players": [
    "FuXuanDivination",
    "siunhanech"
  ],
  "log": "|j|\u2606FuXuanDivination\n|j|\u2606siunhanech\n|t:|1776226552\n|gametype|doubles\n|player|p1|FuXuanDivination|caitlin|1245\n|player|p2|siunhanech|cynthia-gen4|1255\n|gen|9\n|tier|[Gen 9 Champions] VGC 2026 Reg M-A\n|rated|\n|rule|Species Clause: Limit one of each Pok\u00e9mon\n|rule|Item Clause: Limit 1 of each item\n|clearpoke\n|poke|p1|Meowstic-F, L50, F|\n|poke|p1|Talonflame, L50, M|\n|poke|p1|Primarina, L50, F|\n|poke|p1|Decidueye-Hisui, L50, M|\n|poke|p1|Hydreigon, L50, F|\n|poke|p1|Excadrill, L50, F|\n|poke|p2|Blastoise, L50, F|\n|poke|p2|Sableye, L50, F|\n|poke|p2|Basculegion, L50, M|\n|poke|p2|Sneasler, L50, F|\n|poke|p2|Sinistcha, L50|\n|poke|p2|Rotom-Wash, L50|\n|teampreview|4\n|inactive|Battle timer is ON: inactive players will automatically lose when time's up. (requested by siunhanech)\nFuXuanDivination has agreed to open team sheets.\n|inactive|FuXuanDivination has 60 seconds left.\nsiunhanech has agreed to open team sheets.\n|showteam|p1|Meowstic-F||Meowsticite|Competitive|Protect,NastyPlot,DarkPulse,Psychic|||F|||50|]Talonflame||LumBerry|GaleWings|Tailwind,QuickGuard,BraveBird,FlareBlitz|||M|||50|]Primarina||Leftovers|LiquidVoice|Protect,IcyWind,HyperVoice,Moonblast|||F|||50|]Decidueye-Hisui||ScopeLens|Scrappy|Protect,SuckerPunch,TripleArrows,LeafBlade|||M|||50|]Hydreigon||ChoiceScarf|Levitate|Flamethrower,DarkPulse,DragonPulse,DracoMeteor|||F|||50|]Excadrill||FocusSash|SandRush|Protect,IronHead,HighHorsepower,Earthquake|||F|||50|\n|showteam|p2|Blastoise||Blastoisinite|RainDish|WaterSpout,IceBeam,AuraSphere,ShellSmash|||F|||50|]Sableye||FocusSash|Prankster|FakeOut,Quash,Encore,Disable|||F|||50|]Basculegion||ChoiceScarf|Adaptability|WaveCrash,LastRespects,AquaJet,FlipTurn|||M|||50|]Sneasler||WhiteHerb|Unburden|DireClaw,CloseCombat,Protect,FakeOut|||F|||50|]Sinistcha||SitrusBerry|Hospitality|RagePowder,MatchaGotcha,TrickRoom,LifeDew||||||50|]Rotom-Wash||Leftovers|Levitate|VoltSwitch,EerieImpulse,Electroweb,WillOWisp||||||50|\n|\n|t:|1776226611\n|teamsize|p1|4\n|teamsize|p2|4\n|start\n|switch|p1a: Talonflame|Talonflame, L50, M|100/100\n|switch|p1b: Decidueye|Decidueye-Hisui, L50, M|100/100\n|switch|p2a: Sinh vi\u00ean|Sableye, L50, F|100/100\n|switch|p2b: Ch\u1ed3n l\u00f9i|Sneasler, L50, F|100/100\n|turn|1\n|inactive|siunhanech has 30 seconds left.\n|\n|t:|1776226642\n|move|p1a: Talonflame|Quick Guard|p1a: Talonflame\n|-singleturn|p1a: Talonflame|Quick Guard\n|move|p2b: Ch\u1ed3n l\u00f9i|Fake Out|p1b: Decidueye\n|-activate|p1b: Decidueye|move: Quick Guard\n|move|p2a: Sinh vi\u00ean|Fake Out|p1b: Decidueye\n|-activate|p1b: Decidueye|move: Quick Guard\n|move|p1b: Decidueye|Triple Arrows|p2a: Sinh vi\u00ean\n|-supereffective|p2a: Sinh vi\u00ean|1\n|-crit|p2a: Sinh vi\u00ean\n|-enditem|p2a: Sinh vi\u00ean|Focus Sash\n|-damage|p2a: Sinh vi\u00ean|1/100\n|\n|upkeep\n|turn|2\n|\n|t:|1776226657\n|move|p1a: Talonflame|Brave Bird|p2b: Ch\u1ed3n l\u00f9i\n|-supereffective|p2b: Ch\u1ed3n l\u00f9i|1\n|-damage|p2b: Ch\u1ed3n l\u00f9i|0 fnt\n|faint|p2b: Ch\u1ed3n l\u00f9i\n|-damage|p1a: Talonflame|67/100|[from] Recoil\n|move|p2a: Sinh vi\u00ean|Encore|p1a: Talonflame\n|-start|p1a: Talonflame|Encore\n|move|p1b: Decidueye|Triple Arrows|p2a: Sinh vi\u00ean\n|-supereffective|p2a: Sinh vi\u00ean|1\n|-damage|p2a: Sinh vi\u00ean|0 fnt\n|faint|p2a: Sinh vi\u00ean\n|\n|upkeep\n|\n|t:|1776226661\n|switch|p2b: Tr\u00e0 t\u1eeb tay|Sinistcha, L50|100/100\n|switch|p2a: B\u1eafn t\u00f9m lum|Blastoise, L50, F|100/100\n|turn|3\n|\n|t:|1776226673\n|detailschange|p2a: B\u1eafn t\u00f9m lum|Blastoise-Mega, L50, F\n|-mega|p2a: B\u1eafn t\u00f9m lum|Blastoise|Blastoisinite\n|move|p2b: Tr\u00e0 t\u1eeb tay|Rage Powder|p2b: Tr\u00e0 t\u1eeb tay\n|-singleturn|p2b: Tr\u00e0 t\u1eeb tay|move: Rage Powder\n|move|p1a: Talonflame|Brave Bird|p2b: Tr\u00e0 t\u1eeb tay\n|-supereffective|p2b: Tr\u00e0 t\u1eeb tay|1\n|-crit|p2b: Tr\u00e0 t\u1eeb tay\n|-damage|p2b: Tr\u00e0 t\u1eeb tay|0 fnt\n|faint|p2b: Tr\u00e0 t\u1eeb tay\n|-damage|p1a: Talonflame|28/100|[from] Recoil\n|move|p2a: B\u1eafn t\u00f9m lum|Shell Smash|p2a: B\u1eafn t\u00f9m lum\n|-unboost|p2a: B\u1eafn t\u00f9m lum|def|1\n|-unboost|p2a: B\u1eafn t\u00f9m lum|spd|1\n|-boost|p2a: B\u1eafn t\u00f9m lum|atk|2\n|-boost|p2a: B\u1eafn t\u00f9m lum|spa|2\n|-boost|p2a: B\u1eafn t\u00f9m lum|spe|2\n|move|p1b: Decidueye|Leaf Blade|p2a: B\u1eafn t\u00f9m lum\n|-supereffective|p2a: B\u1eafn t\u00f9m lum|1\n|-damage|p2a: B\u1eafn t\u00f9m lum|0 fnt\n|faint|p2a: B\u1eafn t\u00f9m lum\n|\n|win|FuXuanDivination\n|raw|FuXuanDivination's rating: 1245 &rarr; <strong>1271</strong><br />(+26 for winning)\n|raw|siunhanech's rating: 1255 &rarr; <strong>1229</strong><br />(-26 for losing)\n|l|\u2606siunhanech\n|player|p2|\n",
  "uploadtime": 1776226691,
  "views": 40,
  "formatid": "gen9championsvgc2026regma",
  "rating": 1229,
  "private": 0,
  "password": null
}