{
  "id": "gen9championsvgc2026regma-2584127326",
  "format": "[Gen 9 Champions] VGC 2026 Reg M-A",
  "players": [
    "abww",
    "Prohxy"
  ],
  "log": "|j|\u2606abww\n|j|\u2606Prohxy\n|t:|1776228169\n|gametype|doubles\n|player|p1|abww|ghetsis-gen5bw|1000\n|player|p2|Prohxy|lorelei-lgpe|1052\n|gen|9\n|tier|[Gen 9 Champions] VGC 2026 Reg M-A\n|rated|\n|rule|Species Clause: Limit one of each Pok\u00e9mon\n|rule|Item Clause: Limit 1 of each item\n|clearpoke\n|poke|p1|Charizard, L50, M|\n|poke|p1|Venusaur, L50, M|\n|poke|p1|Garchomp, L50, M|\n|poke|p1|Rotom-Wash, L50|\n|poke|p1|Sneasler, L50, M|\n|poke|p1|Incineroar, L50, M|\n|poke|p2|Manectric, L50, F|\n|poke|p2|Tauros-Paldea-Blaze, L50, M|\n|poke|p2|Politoed, L50, M|\n|poke|p2|Altaria, L50, M|\n|poke|p2|Basculegion, L50, M|\n|poke|p2|Tsareena, L50, F|\n|teampreview|4\n|inactive|Battle timer is ON: inactive players will automatically lose when time's up. (requested by Prohxy)\nabww has agreed to open team sheets.\n|inactive|abww has 60 seconds left.\n|inactive|Prohxy has 60 seconds left.\nProhxy rejected open team sheets.\n|\n|t:|1776228227\n|teamsize|p1|4\n|teamsize|p2|4\n|start\n|switch|p1a: Charizard|Charizard, L50, M|100/100\n|switch|p1b: Venusaur|Venusaur, L50, M|100/100\n|switch|p2a: Altaria|Altaria, L50, M, shiny|100/100\n|switch|p2b: Tsareena|Tsareena, L50, F, shiny|100/100\n|-ability|p2a: Altaria|Cloud Nine\n|turn|1\n|\n|t:|1776228248\n|detailschange|p1a: Charizard|Charizard-Mega-Y, L50, M\n|-mega|p1a: Charizard|Charizard|Charizardite Y\n|-weather|SunnyDay|[from] ability: Drought|[of] p1a: Charizard\n|move|p1a: Charizard|Heat Wave|p2b: Tsareena|[spread] p2a,p2b\n|-resisted|p2a: Altaria|1\n|-supereffective|p2b: Tsareena|1\n|-damage|p2a: Altaria|78/100\n|-damage|p2b: Tsareena|20/100\n|move|p1b: Venusaur|Sleep Powder|p2a: Altaria|[miss]\n|-miss|p1b: Venusaur|p2a: Altaria\n|move|p2a: Altaria|Tailwind|p2a: Altaria\n|-sidestart|p2: Prohxy|move: Tailwind\n|move|p2b: Tsareena|Acrobatics|p1b: Venusaur\n|-supereffective|p1b: Venusaur|1\n|-damage|p1b: Venusaur|49/100\n|\n|-weather|SunnyDay|[upkeep]\n|upkeep\n|turn|2\n|inactive|abww has 30 seconds left.\n|inactive|Prohxy has 30 seconds left.\n|inactive|abww has 20 seconds left.\n|\n|t:|1776228284\n|switch|p1a: Incineroar|Incineroar, L50, M|100/100\n|-ability|p1a: Incineroar|Intimidate|boost\n|-unboost|p2a: Altaria|atk|1\n|-unboost|p2b: Tsareena|atk|1\n|move|p2a: Altaria|Heat Wave|p1a: Incineroar|[spread] p1b\n|-miss|p2a: Altaria|p1a: Incineroar\n|-supereffective|p1b: Venusaur|1\n|-damage|p1b: Venusaur|6/100\n|move|p2b: Tsareena|Knock Off|p1a: Incineroar\n|-resisted|p1a: Incineroar|1\n|-damage|p1a: Incineroar|89/100\n|-enditem|p1a: Incineroar|Sitrus Berry|[from] move: Knock Off|[of] p2b: Tsareena\n|move|p1b: Venusaur|Sludge Bomb|p2b: Tsareena\n|-supereffective|p2b: Tsareena|1\n|-damage|p2b: Tsareena|0 fnt\n|faint|p2b: Tsareena\n|\n|-weather|SunnyDay|[upkeep]\n|upkeep\n|inactive|Prohxy has 30 seconds left.\n|\n|t:|1776228311\n|switch|p2b: Basculegion|Basculegion, L50, M|100/100\n|turn|3\n|\n|t:|1776228333\n|move|p2a: Altaria|Heat Wave|p1a: Incineroar|[spread] p1a,p1b\n|-resisted|p1a: Incineroar|1\n|-supereffective|p1b: Venusaur|1\n|-damage|p1a: Incineroar|80/100\n|-damage|p1b: Venusaur|0 fnt\n|faint|p1b: Venusaur\n|move|p2b: Basculegion|Flip Turn|p1a: Incineroar\n|-supereffective|p1a: Incineroar|1\n|-damage|p1a: Incineroar|20/100\n|\n|t:|1776228343\n|switch|p2b: Tauros|Tauros-Paldea-Blaze, L50, M, shiny|100/100|[from] Flip Turn\n|move|p1a: Incineroar|Darkest Lariat|p2b: Tauros\n|-resisted|p2b: Tauros|1\n|-damage|p2b: Tauros|77/100\n|\n|-weather|SunnyDay|[upkeep]\n|upkeep\n|\n|t:|1776228358\n|switch|p1b: Garchomp|Garchomp, L50, M|100/100\n|turn|4\n|\n|t:|1776228374\n|switch|p1a: Charizard|Charizard-Mega-Y, L50, M|100/100\n|detailschange|p2a: Altaria|Altaria-Mega, L50, M, shiny\n|-mega|p2a: Altaria|Altaria|Altarianite\n|move|p2b: Tauros|Rock Slide|p1b: Garchomp|[spread] p1a\n|-miss|p2b: Tauros|p1b: Garchomp\n|-supereffective|p1a: Charizard|2\n|-damage|p1a: Charizard|5/100\n|move|p2a: Altaria|Hyper Voice|p1b: Garchomp|[spread] p1a,p1b\n|-resisted|p1a: Charizard|1\n|-supereffective|p1b: Garchomp|1\n|-damage|p1a: Charizard|0 fnt\n|-damage|p1b: Garchomp|9/100\n|faint|p1a: Charizard\n|move|p1b: Garchomp|Dragon Claw|p2a: Altaria\n|-immune|p2a: Altaria\n|\n|-weather|SunnyDay|[upkeep]\n|-sideend|p2: Prohxy|move: Tailwind\n|upkeep\n|-message|abww forfeited.\n|\n|win|Prohxy\n|raw|abww's rating: 1000 &rarr; <strong>1000</strong><br />(+0 for losing)\n|raw|Prohxy's rating: 1052 &rarr; <strong>1079</strong><br />(+27 for winning)\n|l|\u2606abww\n|player|p1|\n",
  "uploadtime": 1776228390,
  "views": 24,
  "formatid": "gen9championsvgc2026regma",
  "rating": 1000,
  "private": 0,
  "password": null
}