{
  "id": "gen9championsvgc2026regma-2583876530",
  "format": "[Gen 9 Champions] VGC 2026 Reg M-A",
  "players": [
    "Rufinius",
    "paradoxguardiola"
  ],
  "log": "|j|\u2606Rufinius\n|j|\u2606paradoxguardiola\n|t:|1776204685\n|gametype|doubles\n|player|p1|Rufinius|swimmer-gen4dp|1157\n|player|p2|paradoxguardiola|170|1202\n|gen|9\n|tier|[Gen 9 Champions] VGC 2026 Reg M-A\n|rated|\n|rule|Species Clause: Limit one of each Pok\u00e9mon\n|rule|Item Clause: Limit 1 of each item\n|clearpoke\n|poke|p1|Charizard, L50, M|\n|poke|p1|Maushold, L50|\n|poke|p1|Sneasler, L50, F|\n|poke|p1|Dragapult, L50, F|\n|poke|p1|Kingambit, L50, F|\n|poke|p1|Garchomp, L50, F|\n|poke|p2|Basculegion, L50, M|\n|poke|p2|Pelipper, L50, F|\n|poke|p2|Archaludon, L50, F|\n|poke|p2|Meganium, L50, F|\n|poke|p2|Incineroar, L50, M|\n|poke|p2|Garchomp, L50, F|\n|teampreview|4\n|inactive|Battle timer is ON: inactive players will automatically lose when time's up. (requested by Rufinius)\n|inactive|Rufinius has 60 seconds left.\n|inactive|paradoxguardiola has 60 seconds left.\n|\n|t:|1776204740\n|teamsize|p1|4\n|teamsize|p2|4\n|start\n|switch|p1a: Sneasler|Sneasler, L50, F|100/100\n|switch|p1b: Kingambit|Kingambit, L50, F|100/100\n|switch|p2a: Basculegion|Basculegion, L50, M, shiny|100/100\n|switch|p2b: Incineroar|Incineroar, L50, M|100/100\n|-ability|p2b: Incineroar|Intimidate|boost\n|-unboost|p1a: Sneasler|atk|1\n|-unboost|p1b: Kingambit|atk|1\n|-ability|p1b: Kingambit|Defiant|boost\n|-boost|p1b: Kingambit|atk|2\n|turn|1\n|inactive|Rufinius has 30 seconds left.\n|inactive|paradoxguardiola has 30 seconds left.\n|inactive|Rufinius has 20 seconds left.\n|inactive|paradoxguardiola has 20 seconds left.\n|inactive|paradoxguardiola has 15 seconds left.\n|\n|t:|1776204781\n|switch|p2a: Garchomp|Garchomp, L50, F|100/100\n|move|p1a: Sneasler|Fake Out|p2b: Incineroar\n|-crit|p2b: Incineroar\n|-damage|p2b: Incineroar|83/100\n|cant|p2b: Incineroar|flinch\n|move|p1b: Kingambit|Kowtow Cleave|p2a: Garchomp\n|-crit|p2a: Garchomp\n|-damage|p2a: Garchomp|0 fnt\n|-damage|p1b: Kingambit|88/100|[from] ability: Rough Skin|[of] p2a: Garchomp\n|faint|p2a: Garchomp\n|\n|upkeep\n|\n|t:|1776204797\n|switch|p2a: Pelipper|Pelipper, L50, F|100/100\n|-weather|RainDance|[from] ability: Drizzle|[of] p2a: Pelipper\n|turn|2\n|inactive|Rufinius has 30 seconds left.\n|\n|t:|1776204830\n|move|p1a: Sneasler|Close Combat|p2b: Incineroar\n|-supereffective|p2b: Incineroar|1\n|-damage|p2b: Incineroar|17/100\n|-unboost|p1a: Sneasler|def|1\n|-unboost|p1a: Sneasler|spd|1\n|-enditem|p2b: Incineroar|Sitrus Berry|[eat]\n|-heal|p2b: Incineroar|42/100|[from] item: Sitrus Berry\n|move|p2a: Pelipper|Tailwind|p2a: Pelipper\n|-sidestart|p2: paradoxguardiola|move: Tailwind\n|move|p2b: Incineroar|Parting Shot|p1a: Sneasler\n|-unboost|p1a: Sneasler|atk|1\n|-unboost|p1a: Sneasler|spa|1\n|\n|t:|1776204844\n|switch|p2b: Basculegion|Basculegion, L50, M, shiny|100/100|[from] Parting Shot\n|move|p1b: Kingambit|Kowtow Cleave|p2a: Pelipper\n|-enditem|p2a: Pelipper|Focus Sash\n|-damage|p2a: Pelipper|1/100\n|\n|-weather|RainDance|[upkeep]\n|upkeep\n|turn|3\n|inactive|Rufinius has 30 seconds left.\n|inactive|paradoxguardiola has 30 seconds left.\n|\n|t:|1776204878\n|move|p1a: Sneasler|Feint|p2a: Pelipper\n|-damage|p2a: Pelipper|0 fnt\n|faint|p2a: Pelipper\n|move|p1b: Kingambit|Sucker Punch|p2b: Basculegion\n|-supereffective|p2b: Basculegion|1\n|-damage|p2b: Basculegion|0 fnt\n|faint|p2b: Basculegion\n|\n|-weather|RainDance|[upkeep]\n|upkeep\n|-message|paradoxguardiola forfeited.\n|\n|win|Rufinius\n|raw|Rufinius's rating: 1157 &rarr; <strong>1185</strong><br />(+28 for winning)\n|raw|paradoxguardiola's rating: 1202 &rarr; <strong>1174</strong><br />(-28 for losing)\n|l|\u2606paradoxguardiola\n|player|p2|\n",
  "uploadtime": 1776204895,
  "views": 17,
  "formatid": "gen9championsvgc2026regma",
  "rating": 1174,
  "private": 0,
  "password": null
}