{
  "id": "gen9championsvgc2026regma-2588505301",
  "format": "[Gen 9 Champions] VGC 2026 Reg M-A",
  "players": [
    "thicc latina lover",
    "azumarillsky"
  ],
  "log": "|j|\u2606thicc latina lover\n|j|\u2606azumarillsky\n|t:|1776639661\n|gametype|doubles\n|player|p1|thicc latina lover|skyla|1399\n|player|p2|azumarillsky|266|1340\n|gen|9\n|tier|[Gen 9 Champions] VGC 2026 Reg M-A\n|rated|\n|rule|Species Clause: Limit one of each Pok\u00e9mon\n|rule|Item Clause: Limit 1 of each item\n|clearpoke\n|poke|p1|Venusaur, L50, M, shiny|\n|poke|p1|Pelipper, L50, M, shiny|\n|poke|p1|Basculegion, L50, M|\n|poke|p1|Archaludon, L50, M|\n|poke|p1|Sneasler, L50, F|\n|poke|p1|Incineroar, L50, M|\n|poke|p2|Sylveon, L50, M|\n|poke|p2|Lopunny, L50, F|\n|poke|p2|Kingambit, L50, M|\n|poke|p2|Basculegion, L50, M|\n|poke|p2|Aerodactyl, L50, F|\n|poke|p2|Sinistcha, L50|\n|teampreview|4\n|inactive|Battle timer is ON: inactive players will automatically lose when time's up. (requested by azumarillsky)\n|\n|t:|1776639696\n|teamsize|p1|4\n|teamsize|p2|4\n|start\n|switch|p1a: Venusaur|Venusaur, L50, M, shiny|100/100\n|switch|p1b: Sneasler|Sneasler, L50, F|100/100\n|switch|p2a: Lopunny|Lopunny, L50, F|100/100\n|switch|p2b: Sylveon|Sylveon, L50, M|100/100\n|turn|1\n|inactive|azumarillsky has 30 seconds left.\n|\n|t:|1776639721\n|switch|p1b: Incineroar|Incineroar, L50, M|100/100\n|-ability|p1b: Incineroar|Intimidate|boost\n|-unboost|p2a: Lopunny|atk|1\n|-unboost|p2b: Sylveon|atk|1\n|detailschange|p2a: Lopunny|Lopunny-Mega, L50, F\n|-mega|p2a: Lopunny|Lopunny|Lopunnite\n|detailschange|p1a: Venusaur|Venusaur-Mega, L50, M, shiny\n|-mega|p1a: Venusaur|Venusaur|Venusaurite\n|move|p2a: Lopunny|Fake Out|p1b: Incineroar\n|-damage|p1b: Incineroar|87/100\n|move|p1a: Venusaur|Leech Seed|p2b: Sylveon\n|-start|p2b: Sylveon|move: Leech Seed\n|move|p2b: Sylveon|Calm Mind|p2b: Sylveon\n|-boost|p2b: Sylveon|spa|1\n|-boost|p2b: Sylveon|spd|1\n|\n|-damage|p2b: Sylveon|88/100|[from] Leech Seed|[of] p1a: Venusaur\n|upkeep\n|turn|2\n|\n|t:|1776639745\n|switch|p2a: Sinistcha|Sinistcha, L50|100/100\n|-heal|p2b: Sylveon|100/100|[from] ability: Hospitality|[of] p2a: Sinistcha\n|move|p1a: Venusaur|Leech Seed|p2a: Sinistcha\n|-immune|p2a: Sinistcha\n|move|p2b: Sylveon|Calm Mind|p2b: Sylveon\n|-boost|p2b: Sylveon|spa|1\n|-boost|p2b: Sylveon|spd|1\n|move|p1b: Incineroar|Parting Shot|p2b: Sylveon\n|-unboost|p2b: Sylveon|atk|1\n|-unboost|p2b: Sylveon|spa|1\n|\n|t:|1776639753\n|switch|p1b: Sneasler|Sneasler, L50, F|100/100|[from] Parting Shot\n|\n|-damage|p2b: Sylveon|88/100|[from] Leech Seed|[of] p1a: Venusaur\n|upkeep\n|turn|3\n|\n|t:|1776639767\n|switch|p2a: Lopunny|Lopunny-Mega, L50, F|100/100\n|move|p2b: Sylveon|Protect|p2b: Sylveon\n|-singleturn|p2b: Sylveon|Protect\n|move|p1b: Sneasler|Dire Claw|p2a: Lopunny\n|-damage|p2a: Lopunny|54/100\n|move|p1a: Venusaur|Sludge Bomb|p2a: Lopunny\n|-damage|p2a: Lopunny|0 fnt\n|faint|p2a: Lopunny\n|\n|-heal|p2b: Sylveon|94/100|[from] item: Leftovers\n|-damage|p2b: Sylveon|82/100|[from] Leech Seed|[of] p1a: Venusaur\n|upkeep\n|-message|azumarillsky forfeited.\n|\n|win|thicc latina lover\n|raw|thicc latina lover's rating: 1399 &rarr; <strong>1416</strong><br />(+17 for winning)\n|raw|azumarillsky's rating: 1340 &rarr; <strong>1323</strong><br />(-17 for losing)\n",
  "uploadtime": 1776639780,
  "views": 12,
  "formatid": "gen9championsvgc2026regma",
  "rating": 1323,
  "private": 0,
  "password": null
}