{
  "id": "gen9championsvgc2026regma-2587698628",
  "format": "[Gen 9 Champions] VGC 2026 Reg M-A",
  "players": [
    "Radagui95",
    "SirZuppa2"
  ],
  "log": "|j|\u2606Radagui95\n|j|\u2606SirZuppa2\n|t:|1776555058\n|gametype|doubles\n|player|p1|Radagui95|101|1051\n|player|p2|SirZuppa2|swimmer-gen4|1060\n|gen|9\n|tier|[Gen 9 Champions] VGC 2026 Reg M-A\n|rated|\n|rule|Species Clause: Limit one of each Pok\u00e9mon\n|rule|Item Clause: Limit 1 of each item\n|clearpoke\n|poke|p1|Trevenant, L50, F, shiny|\n|poke|p1|Aerodactyl, L50, F|\n|poke|p1|Charizard, L50, M, shiny|\n|poke|p1|Sneasler, L50, M|\n|poke|p1|Gengar, L50, M|\n|poke|p1|Archaludon, L50, M, shiny|\n|poke|p2|Glalie, L50, M, shiny|\n|poke|p2|Whimsicott, L50, F, shiny|\n|poke|p2|Pelipper, L50, F|\n|poke|p2|Archaludon, L50, F|\n|poke|p2|Sinistcha, L50|\n|poke|p2|Sneasler, L50, M, shiny|\n|teampreview|4\n|inactive|Battle timer is ON: inactive players will automatically lose when time's up. (requested by SirZuppa2)\nSirZuppa2 rejected open team sheets.\n|\n|t:|1776555079\n|teamsize|p1|4\n|teamsize|p2|4\n|start\n|switch|p1a: Sneasler|Sneasler, L50, M|100/100\n|switch|p1b: Gengar|Gengar, L50, M|100/100\n|switch|p2a: Glaile|Glalie, L50, M, shiny|100/100\n|switch|p2b: Whimsicott|Whimsicott, L50, F, shiny|100/100\n|turn|1\n|\n|t:|1776555088\n|move|p1a: Sneasler|Protect|p1a: Sneasler\n|-singleturn|p1a: Sneasler|Protect\n|move|p2a: Glaile|Protect|p2a: Glaile\n|-singleturn|p2a: Glaile|Protect\n|move|p2b: Whimsicott|Tailwind|p2b: Whimsicott\n|-sidestart|p2: SirZuppa2|move: Tailwind\n|move|p1b: Gengar|Sludge Wave|p2a: Glaile|[spread] p2b\n|-activate|p1a: Sneasler|move: Protect\n|-activate|p2a: Glaile|move: Protect\n|-supereffective|p2b: Whimsicott|2\n|-enditem|p2b: Whimsicott|Focus Sash\n|-damage|p2b: Whimsicott|1/100\n|\n|upkeep\n|turn|2\n|\n|t:|1776555113\n|switch|p1b: Trevenant|Trevenant, L50, F, shiny|100/100\n|detailschange|p2a: Glaile|Glalie-Mega, L50, M, shiny\n|-mega|p2a: Glaile|Glalie|Glalitite\n|move|p2b: Whimsicott|Helping Hand|p2a: Glaile\n|-singleturn|p2a: Glaile|Helping Hand|[of] p2b: Whimsicott\n|move|p2a: Glaile|Explosion|p1b: Trevenant|[spread] p2b,p1a,p1b\n|-supereffective|p2b: Whimsicott|1\n|-supereffective|p1b: Trevenant|1\n|-damage|p2b: Whimsicott|0 fnt\n|-damage|p1a: Sneasler|0 fnt\n|-damage|p1b: Trevenant|0 fnt\n|faint|p2a: Glaile\n|faint|p2b: Whimsicott\n|faint|p1a: Sneasler\n|faint|p1b: Trevenant\n|\n|upkeep\n|\n|t:|1776555123\n|switch|p1a: Gengar|Gengar, L50, M|100/100\n|switch|p2b: Archaludon|Archaludon, L50, F|100/100\n|switch|p2a: Pelipper|Pelipper, L50, F|100/100\n|switch|p1b: Charizard|Charizard, L50, M, shiny|100/100\n|-weather|RainDance|[from] ability: Drizzle|[of] p2a: Pelipper\n|turn|3\n|inactive|Radagui95 has 30 seconds left.\n|\n|t:|1776555150\n|detailschange|p1b: Charizard|Charizard-Mega-Y, L50, M, shiny\n|-mega|p1b: Charizard|Charizard|Charizardite Y\n|-weather|SunnyDay|[from] ability: Drought|[of] p1b: Charizard\n|move|p2a: Pelipper|Muddy Water|p1a: Gengar|[spread] p1a,p1b\n|-supereffective|p1b: Charizard|1\n|-damage|p1a: Gengar|78/100\n|-damage|p1b: Charizard|70/100\n|-start|p2a: Pelipper|Disable|Muddy Water|[from] ability: Cursed Body|[of] p1a: Gengar\n|move|p1a: Gengar|Shadow Ball|p2a: Pelipper\n|-damage|p2a: Pelipper|20/100\n|move|p2b: Archaludon|Dragon Pulse|p1b: Charizard\n|-damage|p1b: Charizard|25/100\n|move|p1b: Charizard|Heat Wave|p2b: Archaludon|[spread] p2b\n|-miss|p1b: Charizard|p2a: Pelipper\n|-damage|p2b: Archaludon|25/100\n|\n|-weather|SunnyDay|[upkeep]\n|upkeep\n|turn|4\n|\n|t:|1776555169\n|move|p1b: Charizard|Protect|p1b: Charizard\n|-singleturn|p1b: Charizard|Protect\n|-activate|p2a: Pelipper|move: Struggle\n|move|p2a: Pelipper|Struggle|p1a: Gengar\n|-damage|p1a: Gengar|66/100\n|-damage|p2a: Pelipper|0 fnt|[from] recoil\n|faint|p2a: Pelipper\n|move|p1a: Gengar|Shadow Ball|p2b: Archaludon\n|-damage|p2b: Archaludon|0 fnt\n|faint|p2b: Archaludon\n|\n|win|Radagui95\n|raw|Radagui95's rating: 1051 &rarr; <strong>1084</strong><br />(+33 for winning)\n|raw|SirZuppa2's rating: 1060 &rarr; <strong>1041</strong><br />(-19 for losing)\n",
  "uploadtime": 1776555187,
  "views": 12,
  "formatid": "gen9championsvgc2026regma",
  "rating": 1041,
  "private": 0,
  "password": null
}