{
  "id": "gen9championsvgc2026regma-2582318132",
  "format": "[Gen 9 Champions] VGC 2026 Reg M-A",
  "players": [
    "diversehaddock4",
    "Phjhpt"
  ],
  "log": "|j|\u2606diversehaddock4\n|j|\u2606Phjhpt\n|t:|1776082871\n|gametype|doubles\n|player|p1|diversehaddock4|caitlin|1115\n|player|p2|Phjhpt|grimsley|1068\n|gen|9\n|tier|[Gen 9 Champions] VGC 2026 Reg M-A\n|rated|\n|rule|Species Clause: Limit one of each Pok\u00e9mon\n|rule|Item Clause: Limit 1 of each item\n|clearpoke\n|poke|p1|Victreebel, L50, M|\n|poke|p1|Kingambit, L50, F|\n|poke|p1|Sneasler, L50, M|\n|poke|p1|Sylveon, L50, M|\n|poke|p1|Corviknight, L50, M|\n|poke|p1|Hydreigon, L50, M|\n|poke|p2|Starmie, L50|\n|poke|p2|Rotom-Mow, L50|\n|poke|p2|Tyranitar, L50, F|\n|poke|p2|Sneasler, L50, M|\n|poke|p2|Clefable, L50, F|\n|poke|p2|Aegislash, L50, F|\n|teampreview|4\n|inactive|Battle timer is ON: inactive players will automatically lose when time's up. (requested by diversehaddock4)\n|\n|t:|1776082896\n|teamsize|p1|4\n|teamsize|p2|4\n|start\n|switch|p1a: Victreebel|Victreebel, L50, M|100/100\n|switch|p1b: Corviknight|Corviknight, L50, M|100/100\n|switch|p2a: Sneasler|Sneasler, L50, M|100/100\n|switch|p2b: Starmie|Starmie, L50|100/100\n|-ability|p2a: Sneasler|Pressure\n|turn|1\n|\n|t:|1776082911\n|detailschange|p2b: Starmie|Starmie-Mega, L50\n|-mega|p2b: Starmie|Starmie|Starminite\n|detailschange|p1a: Victreebel|Victreebel-Mega, L50, M\n|-mega|p1a: Victreebel|Victreebel|Victreebelite\n|move|p2a: Sneasler|Fake Out|p1a: Victreebel\n|-damage|p1a: Victreebel|86/100\n|move|p2b: Starmie|Zen Headbutt|p1a: Victreebel\n|-supereffective|p1a: Victreebel|1\n|-damage|p1a: Victreebel|0 fnt\n|-damage|p2b: Starmie|0 fnt|[from] ability: Innards Out|[of] p1a: Victreebel\n|faint|p1a: Victreebel\n|faint|p2b: Starmie\n|move|p1b: Corviknight|Tailwind|p1b: Corviknight\n|-sidestart|p1: diversehaddock4|move: Tailwind\n|\n|upkeep\n|\n|t:|1776082932\n|switch|p2b: Tyranitar|Tyranitar, L50, F|100/100\n|switch|p1a: Sneasler|Sneasler, L50, M|100/100\n|-weather|Sandstorm|[from] ability: Sand Stream|[of] p2b: Tyranitar\n|turn|2\n|\n|t:|1776082951\n|move|p2b: Tyranitar|Protect|p2b: Tyranitar\n|-singleturn|p2b: Tyranitar|Protect\n|move|p1a: Sneasler|Fake Out|p2a: Sneasler\n|-damage|p2a: Sneasler|75/100\n|move|p1b: Corviknight|Bulk Up|p1b: Corviknight\n|-boost|p1b: Corviknight|atk|1\n|-boost|p1b: Corviknight|def|1\n|cant|p2a: Sneasler|flinch\n|\n|-weather|Sandstorm|[upkeep]\n|-damage|p1a: Sneasler|95/100|[from] Sandstorm\n|-damage|p2a: Sneasler|69/100|[from] Sandstorm\n|upkeep\n|turn|3\n|\n|t:|1776082969\n|switch|p2b: Clefable|Clefable, L50, F|100/100\n|move|p1a: Sneasler|Close Combat|p2b: Clefable\n|-resisted|p2b: Clefable|1\n|-damage|p2b: Clefable|70/100\n|-unboost|p1a: Sneasler|def|1\n|-unboost|p1a: Sneasler|spd|1\n|-enditem|p1a: Sneasler|White Herb\n|-clearnegativeboost|p1a: Sneasler|[silent]\n|move|p1b: Corviknight|Bulk Up|p1b: Corviknight\n|-boost|p1b: Corviknight|atk|1\n|-boost|p1b: Corviknight|def|1\n|move|p2a: Sneasler|Close Combat|p1b: Corviknight\n|-damage|p1b: Corviknight|77/100\n|-unboost|p2a: Sneasler|def|1\n|-unboost|p2a: Sneasler|spd|1\n|\n|-weather|Sandstorm|[upkeep]\n|-damage|p1a: Sneasler|89/100|[from] Sandstorm\n|-damage|p2a: Sneasler|63/100|[from] Sandstorm\n|-heal|p1b: Corviknight|83/100|[from] item: Leftovers\n|-heal|p2b: Clefable|76/100|[from] item: Leftovers\n|upkeep\n|turn|4\n|inactive|Phjhpt has 30 seconds left.\n|\n|t:|1776082995\n|move|p2b: Clefable|Follow Me|p2b: Clefable\n|-singleturn|p2b: Clefable|move: Follow Me\n|move|p1a: Sneasler|Dire Claw|p2b: Clefable\n|-supereffective|p2b: Clefable|1\n|-damage|p2b: Clefable|0 fnt\n|faint|p2b: Clefable\n|move|p1b: Corviknight|Brave Bird|p2a: Sneasler\n|-supereffective|p2a: Sneasler|1\n|-damage|p2a: Sneasler|0 fnt\n|faint|p2a: Sneasler\n|-damage|p1b: Corviknight|67/100|[from] Recoil\n|\n|-weather|Sandstorm|[upkeep]\n|-damage|p1a: Sneasler|83/100|[from] Sandstorm\n|-heal|p1b: Corviknight|73/100|[from] item: Leftovers\n|-sideend|p1: diversehaddock4|move: Tailwind\n|upkeep\n|-message|Phjhpt forfeited.\n|\n|win|diversehaddock4\n|raw|diversehaddock4's rating: 1115 &rarr; <strong>1137</strong><br />(+22 for winning)\n|raw|Phjhpt's rating: 1068 &rarr; <strong>1051</strong><br />(-17 for losing)\n|l|\u2606Phjhpt\n|player|p2|\n|l|\u2606diversehaddock4\n|player|p1|\n|j|\u2606diversehaddock4\n|player|p1|diversehaddock4|caitlin|\n",
  "uploadtime": 1776083149,
  "views": 9,
  "formatid": "gen9championsvgc2026regma",
  "rating": 1051,
  "private": 0,
  "password": null
}