{
  "id": "gen9championsvgc2026regma-2583177551",
  "format": "[Gen 9 Champions] VGC 2026 Reg M-A",
  "players": [
    "biludbiludbilud",
    "azumabi"
  ],
  "log": "|j|\u2606biludbiludbilud\n|j|\u2606azumabi\n|t:|1776151393\n|gametype|doubles\n|player|p1|biludbiludbilud|lucas|1455\n|player|p2|azumabi|170|1396\n|gen|9\n|tier|[Gen 9 Champions] VGC 2026 Reg M-A\n|rated|\n|rule|Species Clause: Limit one of each Pok\u00e9mon\n|rule|Item Clause: Limit 1 of each item\n|clearpoke\n|poke|p1|Blastoise, L50, M|\n|poke|p1|Garchomp, L50, F|\n|poke|p1|Sneasler, L50, F|\n|poke|p1|Aerodactyl, L50, M|\n|poke|p1|Sylveon, L50, F|\n|poke|p1|Sinistcha, L50|\n|poke|p2|Basculegion, L50, M|\n|poke|p2|Pelipper, L50, F|\n|poke|p2|Archaludon, L50, F|\n|poke|p2|Politoed, L50, M|\n|poke|p2|Dragonite, L50, F|\n|poke|p2|Glimmora, L50, F|\n|teampreview|4\n|inactive|Battle timer is ON: inactive players will automatically lose when time's up. (requested by biludbiludbilud)\n|\n|t:|1776151426\n|teamsize|p1|4\n|teamsize|p2|4\n|start\n|switch|p1a: Garchomp|Garchomp, L50, F|100/100\n|switch|p1b: Aerodactyl|Aerodactyl, L50, M|100/100\n|switch|p2a: Politoed|Politoed, L50, M|100/100\n|switch|p2b: Basculegion|Basculegion, L50, M|100/100\n|-ability|p1b: Aerodactyl|Unnerve\n|-weather|RainDance|[from] ability: Drizzle|[of] p2a: Politoed\n|turn|1\n|\n|t:|1776151450\n|move|p2b: Basculegion|Aqua Jet|p1b: Aerodactyl\n|-supereffective|p1b: Aerodactyl|1\n|-enditem|p1b: Aerodactyl|Focus Sash\n|-damage|p1b: Aerodactyl|1/100\n|move|p1a: Garchomp|Earthquake|p2b: Basculegion|[spread] p2a,p2b\n|-immune|p1b: Aerodactyl\n|-damage|p2a: Politoed|43/100\n|-damage|p2b: Basculegion|50/100\n|move|p2a: Politoed|Icy Wind|p1a: Garchomp|[spread] p1a,p1b\n|-supereffective|p1a: Garchomp|2\n|-supereffective|p1b: Aerodactyl|1\n|-damage|p1a: Garchomp|54/100\n|-damage|p1b: Aerodactyl|0 fnt\n|-unboost|p1a: Garchomp|spe|1\n|faint|p1b: Aerodactyl\n|\n|-weather|RainDance|[upkeep]\n|upkeep\n|\n|t:|1776151461\n|switch|p1b: Blastoise|Blastoise, L50, M|100/100\n|turn|2\n|inactive|azumabi has 30 seconds left.\n|\n|t:|1776151495\n|detailschange|p1b: Blastoise|Blastoise-Mega, L50, M\n|-mega|p1b: Blastoise|Blastoise|Blastoisinite\n|move|p2b: Basculegion|Wave Crash|p1a: Garchomp\n|-damage|p1a: Garchomp|0 fnt\n|-damage|p2b: Basculegion|38/100|[from] ability: Rough Skin|[of] p1a: Garchomp\n|faint|p1a: Garchomp\n|-damage|p2b: Basculegion|20/100|[from] Recoil\n|move|p2a: Politoed|Icy Wind|p1b: Blastoise\n|-resisted|p1b: Blastoise|1\n|-damage|p1b: Blastoise|94/100\n|-unboost|p1b: Blastoise|spe|1\n|move|p1b: Blastoise|Water Spout|p2a: Politoed|[spread] p2a,p2b\n|-resisted|p2a: Politoed|1\n|-resisted|p2b: Basculegion|1\n|-damage|p2a: Politoed|0 fnt\n|-damage|p2b: Basculegion|0 fnt\n|faint|p2a: Politoed\n|faint|p2b: Basculegion\n|\n|-weather|RainDance|[upkeep]\n|upkeep\n|\n|t:|1776151509\n|switch|p1a: Sneasler|Sneasler, L50, F|100/100\n|switch|p2a: Dragonite|Dragonite, L50, F|100/100\n|switch|p2b: Pelipper|Pelipper, L50, F|100/100\n|turn|3\n|\n|t:|1776151530\n|detailschange|p2a: Dragonite|Dragonite-Mega, L50, F\n|-mega|p2a: Dragonite|Dragonite|Dragoninite\n|move|p2b: Pelipper|Protect|p2b: Pelipper\n|-singleturn|p2b: Pelipper|Protect\n|move|p1a: Sneasler|Fake Out|p2b: Pelipper\n|-activate|p2b: Pelipper|move: Protect\n|move|p2a: Dragonite|Thunder|p1b: Blastoise\n|-supereffective|p1b: Blastoise|1\n|-damage|p1b: Blastoise|17/100\n|move|p1b: Blastoise|Ice Beam|p2a: Dragonite\n|-supereffective|p2a: Dragonite|2\n|-damage|p2a: Dragonite|46/100\n|\n|-weather|RainDance|[upkeep]\n|upkeep\n|turn|4\n|inactive|azumabi has 30 seconds left.\n|\n|t:|1776151561\n|move|p1a: Sneasler|Dire Claw|p2a: Dragonite\n|-damage|p2a: Dragonite|4/100\n|move|p2a: Dragonite|Hurricane|p1b: Blastoise\n|-damage|p1b: Blastoise|0 fnt\n|faint|p1b: Blastoise\n|move|p2b: Pelipper|Hurricane|p1a: Sneasler\n|-supereffective|p1a: Sneasler|1\n|-damage|p1a: Sneasler|0 fnt\n|faint|p1a: Sneasler\n|\n|win|azumabi\n|raw|biludbiludbilud's rating: 1455 &rarr; <strong>1432</strong><br />(-23 for losing)\n|raw|azumabi's rating: 1396 &rarr; <strong>1419</strong><br />(+23 for winning)\n|l|\u2606azumabi\n|player|p2|\n",
  "uploadtime": 1776151572,
  "views": 29,
  "formatid": "gen9championsvgc2026regma",
  "rating": 1419,
  "private": 0,
  "password": null
}