{
  "id": "gen9championsvgc2026regma-2581757037",
  "format": "[Gen 9 Champions] VGC 2026 Reg M-A",
  "players": [
    "KiraMolly19",
    "24darklight24"
  ],
  "log": "|j|\u203dKiraMolly19\n|j|\u260624darklight24\n|t:|1776026031\n|gametype|doubles\n|player|p1|KiraMolly19|101|1037\n|player|p2|24darklight24|102|1000\n|gen|9\n|tier|[Gen 9 Champions] VGC 2026 Reg M-A\n|rated|\n|rule|Species Clause: Limit one of each Pok\u00e9mon\n|rule|Item Clause: Limit 1 of each item\n|clearpoke\n|poke|p1|Delphox, L50, M|\n|poke|p1|Garchomp, L50, F|\n|poke|p1|Rotom-Wash, L50|\n|poke|p1|Sneasler, L50, M|\n|poke|p1|Golurk, L50|\n|poke|p1|Orthworm, L50, F|\n|poke|p2|Sinistcha-Masterpiece, L50|\n|poke|p2|Arcanine-Hisui, L50, F|\n|poke|p2|Whimsicott, L50, M|\n|poke|p2|Basculegion, L50, M|\n|poke|p2|Dragonite, L50, M|\n|poke|p2|Sneasler, L50, M|\n|teampreview|4\n|inactive|Battle timer is ON: inactive players will automatically lose when time's up. (requested by 24darklight24)\n24darklight24 rejected open team sheets.\n|\n|t:|1776026060\n|teamsize|p1|4\n|teamsize|p2|4\n|start\n|switch|p1a: Sneasler|Sneasler, L50, M|100/100\n|switch|p1b: Delphox|Delphox, L50, M|100/100\n|switch|p2a: Arcanine|Arcanine-Hisui, L50, F|100/100\n|switch|p2b: Dragonite|Dragonite, L50, M|100/100\n|-ability|p2a: Arcanine|Intimidate|boost\n|-unboost|p1a: Sneasler|atk|1\n|-unboost|p1b: Delphox|atk|1\n|turn|1\n|\n|t:|1776026082\n|switch|p2a: Basculegion|Basculegion, L50, M|100/100\n|detailschange|p1b: Delphox|Delphox-Mega, L50, M\n|-mega|p1b: Delphox|Delphox|Delphoxite\n|move|p1b: Delphox|Protect|p1b: Delphox\n|-singleturn|p1b: Delphox|Protect\n|move|p1a: Sneasler|Close Combat|p2a: Basculegion\n|-immune|p2a: Basculegion\n|move|p2b: Dragonite|Tailwind|p2b: Dragonite\n|-sidestart|p2: 24darklight24|move: Tailwind\n|\n|upkeep\n|turn|2\n|-message|KiraMolly19 forfeited.\n|\n|win|24darklight24\n|raw|KiraMolly19's rating: 1037 &rarr; <strong>1020</strong><br />(-17 for losing)\n|raw|24darklight24's rating: 1000 &rarr; <strong>1044</strong><br />(+44 for winning)\n|l|\u203dKiraMolly19\n|player|p1|\n",
  "uploadtime": 1776026100,
  "views": 18,
  "formatid": "gen9championsvgc2026regma",
  "rating": 1020,
  "private": 0,
  "password": null
}