{
  "id": "gen9championsvgc2026regma-2587513204",
  "format": "[Gen 9 Champions] VGC 2026 Reg M-A",
  "players": [
    "disciple of blahaj",
    "Odddish262"
  ],
  "log": "|j|\u2606disciple of blahaj\n|j|\u2606Odddish262\n|t:|1776538224\n|gametype|doubles\n|player|p1|disciple of blahaj|jacinthe|1300\n|player|p2|Odddish262|caitlin|1394\n|gen|9\n|tier|[Gen 9 Champions] VGC 2026 Reg M-A\n|rated|\n|rule|Species Clause: Limit one of each Pok\u00e9mon\n|rule|Item Clause: Limit 1 of each item\n|clearpoke\n|poke|p1|Lopunny, L50, F, shiny|\n|poke|p1|Basculegion, L50, M|\n|poke|p1|Klefki, L50, F, shiny|\n|poke|p1|Pelipper, L50, M|\n|poke|p1|Garchomp, L50, F|\n|poke|p1|Aegislash, L50, M|\n|poke|p2|Floette-Eternal, L50, F|\n|poke|p2|Garchomp, L50, M|\n|poke|p2|Kingambit, L50, M|\n|poke|p2|Basculegion, L50, M|\n|poke|p2|Sneasler, L50, M|\n|poke|p2|Froslass, L50, F|\n|teampreview|4\n|inactive|Battle timer is ON: inactive players will automatically lose when time's up. (requested by Odddish262)\n|j| saddeq\n|\n|t:|1776538248\n|teamsize|p1|4\n|teamsize|p2|4\n|start\n|switch|p1a: Lopunny|Lopunny, L50, F, shiny|100/100\n|switch|p1b: Basculegion|Basculegion, L50, M|100/100\n|switch|p2a: Sneasler|Sneasler, L50, M|100/100\n|switch|p2b: Froslass|Froslass, L50, F|100/100\n|turn|1\n|\n|t:|1776538268\n|detailschange|p1a: Lopunny|Lopunny-Mega, L50, F, shiny\n|-mega|p1a: Lopunny|Lopunny|Lopunnite\n|detailschange|p2b: Froslass|Froslass-Mega, L50, F\n|-mega|p2b: Froslass|Froslass|Froslassite\n|-weather|Snowscape|[from] ability: Snow Warning|[of] p2b: Froslass\n|move|p1a: Lopunny|Fake Out|p2b: Froslass\n|-damage|p2b: Froslass|81/100\n|move|p2a: Sneasler|Fake Out|p1a: Lopunny\n|-damage|p1a: Lopunny|81/100\n|move|p1b: Basculegion|Flip Turn|p2b: Froslass\n|-damage|p2b: Froslass|43/100\n|\n|t:|1776538281\n|switch|p1b: Aegislash|Aegislash, L50, M|100/100|[from] Flip Turn\n|cant|p2b: Froslass|flinch\n|\n|-weather|Snowscape|[upkeep]\n|upkeep\n|turn|2\n|\n|t:|1776538296\n|switch|p1a: Basculegion|Basculegion, L50, M|100/100\n|move|p2b: Froslass|Protect|p2b: Froslass\n|-singleturn|p2b: Froslass|Protect\n|move|p2a: Sneasler|Close Combat|p1a: Basculegion\n|-immune|p1a: Basculegion\n|-formechange|p1b: Aegislash|Aegislash-Blade|\n|move|p1b: Aegislash|Poltergeist|p2b: Froslass\n|-activate|p2b: Froslass|move: Protect\n|\n|-weather|Snowscape|[upkeep]\n|upkeep\n|turn|3\n|\n|t:|1776538314\n|move|p1a: Basculegion|Wave Crash|p2b: Froslass\n|-damage|p2b: Froslass|0 fnt\n|faint|p2b: Froslass\n|-damage|p1a: Basculegion|88/100|[from] Recoil\n|move|p2a: Sneasler|Dire Claw|p1a: Basculegion\n|-resisted|p1a: Basculegion|1\n|-damage|p1a: Basculegion|60/100\n|-status|p1a: Basculegion|psn|[from] ability: Poison Touch|[of] p2a: Sneasler\n|move|p1b: Aegislash|Poltergeist|p2a: Sneasler\n|-activate|p2a: Sneasler|move: Poltergeist|Focus Sash\n|-enditem|p2a: Sneasler|Focus Sash\n|-damage|p2a: Sneasler|1/100\n|\n|-weather|Snowscape|[upkeep]\n|-damage|p1a: Basculegion|48/100 psn|[from] psn\n|upkeep\n|\n|t:|1776538318\n|switch|p2b: Basculegion|Basculegion, L50, M|100/100\n|turn|4\n|-message|Odddish262 forfeited.\n|\n|win|disciple of blahaj\n|raw|disciple of blahaj's rating: 1300 &rarr; <strong>1332</strong><br />(+32 for winning)\n|raw|Odddish262's rating: 1394 &rarr; <strong>1369</strong><br />(-25 for losing)\n|l|\u2606Odddish262\n|player|p2|\n|l| saddeq\n",
  "uploadtime": 1776538337,
  "views": 21,
  "formatid": "gen9championsvgc2026regma",
  "rating": 1332,
  "private": 0,
  "password": null
}