{
  "id": "gen9championsvgc2026regma-2585011532",
  "format": "[Gen 9 Champions] VGC 2026 Reg M-A",
  "players": [
    "reisquaza1",
    "itastelikeiron"
  ],
  "log": "|j|\u2606reisquaza1\n|j|\u2606itastelikeiron\n|t:|1776303169\n|gametype|doubles\n|player|p1|reisquaza1|flannery|1357\n|player|p2|itastelikeiron|infielder|1470\n|gen|9\n|tier|[Gen 9 Champions] VGC 2026 Reg M-A\n|rated|\n|rule|Species Clause: Limit one of each Pok\u00e9mon\n|rule|Item Clause: Limit 1 of each item\n|clearpoke\n|poke|p1|Floette-Eternal, L50, F|\n|poke|p1|Kingambit, L50, M|\n|poke|p1|Delphox, L50, F|\n|poke|p1|Incineroar, L50, M|\n|poke|p1|Sneasler, L50, F|\n|poke|p1|Garchomp, L50, F|\n|poke|p2|Glimmora, L50, F|\n|poke|p2|Basculegion, L50, M|\n|poke|p2|Scizor, L50, M|\n|poke|p2|Incineroar, L50, F|\n|poke|p2|Sneasler, L50, F|\n|poke|p2|Ninetales-Alola, L50, F|\n|teampreview|4\nreisquaza1 has agreed to open team sheets.\n|inactive|Battle timer is ON: inactive players will automatically lose when time's up. (requested by reisquaza1)\nitastelikeiron has agreed to open team sheets.\n|showteam|p1|Floette-Eternal||Floettite|FlowerVeil|Protect,DrainingKiss,DazzlingGleam,CalmMind|||F|||50|]Kingambit||ChopleBerry|Defiant|SuckerPunch,LowKick,IronHead,Protect|||M|||50|]Delphox||Delphoxite|Blaze|Encore,Psychic,HeatWave,Protect|||F|||50|]Incineroar||Leftovers|Intimidate|FlareBlitz,ThroatChop,PartingShot,FakeOut|||M|||50|]Sneasler||WhiteHerb|Unburden|Protect,DireClaw,CloseCombat,FakeOut|||F|||50|]Garchomp||SitrusBerry|RoughSkin|Protect,Earthquake,RockSlide,DragonClaw|||F|||50|\n|showteam|p2|Glimmora||Glimmoranite|ToxicDebris|SludgeBomb,PowerGem,EarthPower,SpikyShield|||F|||50|]Basculegion||ChoiceScarf|Adaptability|WaveCrash,FlipTurn,LastRespects,AquaJet|||M|||50|]Scizor||Scizorite|Technician|BulletPunch,SwordsDance,Protect,BugBite|||M|||50|]Incineroar||SitrusBerry|Intimidate|FakeOut,FlareBlitz,PartingShot,ThroatChop|||F|||50|]Sneasler||WhiteHerb|Unburden|CloseCombat,DireClaw,FakeOut,Protect|||F|||50|]Ninetales-Alola||FocusSash|SnowWarning|Protect,Encore,Blizzard,IcyWind|||F|||50|\n|inactive|reisquaza1 has 60 seconds left.\n|inactive|reisquaza1 has 30 seconds left.\n|\n|t:|1776303246\n|teamsize|p1|4\n|teamsize|p2|4\n|start\n|switch|p1a: Delphox|Delphox, L50, F|100/100\n|switch|p1b: Garchomp|Garchomp, L50, F|100/100\n|switch|p2a: Basculegion|Basculegion, L50, M|100/100\n|switch|p2b: Sneasler|Sneasler, L50, F|100/100\n|turn|1\n|inactive|reisquaza1 has 30 seconds left.\n|inactive|itastelikeiron has 30 seconds left.\n|\n|t:|1776303275\n|switch|p2b: Ninetales|Ninetales-Alola, L50, F|100/100\n|-weather|Snowscape|[from] ability: Snow Warning|[of] p2b: Ninetales\n|detailschange|p1a: Delphox|Delphox-Mega, L50, F\n|-mega|p1a: Delphox|Delphox|Delphoxite\n|move|p1a: Delphox|Protect|p1a: Delphox\n|-singleturn|p1a: Delphox|Protect\n|move|p2a: Basculegion|Wave Crash|p1a: Delphox\n|-activate|p1a: Delphox|move: Protect\n|move|p1b: Garchomp|Earthquake|p2b: Ninetales|[spread] p2a,p2b\n|-activate|p1a: Delphox|move: Protect\n|-damage|p2a: Basculegion|48/100\n|-damage|p2b: Ninetales|57/100\n|\n|-weather|Snowscape|[upkeep]\n|upkeep\n|turn|2\n|inactive|reisquaza1 has 30 seconds left.\n|inactive|reisquaza1 has 20 seconds left.\n|inactive|reisquaza1 has 15 seconds left.\n|inactive|reisquaza1 has 10 seconds left.\n|inactive|reisquaza1 has 5 seconds left.\n|\n|t:|1776303329\n|move|p2a: Basculegion|Wave Crash|p1a: Delphox\n|-supereffective|p1a: Delphox|1\n|-damage|p1a: Delphox|0 fnt\n|faint|p1a: Delphox\n|-damage|p2a: Basculegion|21/100|[from] Recoil\n|move|p2b: Ninetales|Blizzard|p1b: Garchomp\n|-supereffective|p1b: Garchomp|2\n|-damage|p1b: Garchomp|0 fnt\n|faint|p1b: Garchomp\n|\n|-weather|Snowscape|[upkeep]\n|upkeep\n|\n|t:|1776303336\n|switch|p1a: Sneasler|Sneasler, L50, F|100/100\n|switch|p1b: Kingambit|Kingambit, L50, M|100/100\n|turn|3\n|inactive|itastelikeiron has 30 seconds left.\n|\n|t:|1776303362\n|move|p2b: Ninetales|Protect|p2b: Ninetales\n|-singleturn|p2b: Ninetales|Protect\n|move|p2a: Basculegion|Wave Crash|p1a: Sneasler\n|-damage|p1a: Sneasler|0 fnt\n|faint|p1a: Sneasler\n|-damage|p2a: Basculegion|0 fnt|[from] Recoil\n|faint|p2a: Basculegion\n|move|p1b: Kingambit|Iron Head|p2b: Ninetales\n|-activate|p2b: Ninetales|move: Protect\n|\n|-weather|Snowscape|[upkeep]\n|upkeep\n|-message|reisquaza1 forfeited.\n|\n|win|itastelikeiron\n|raw|reisquaza1's rating: 1357 &rarr; <strong>1343</strong><br />(-14 for losing)\n|raw|itastelikeiron's rating: 1470 &rarr; <strong>1484</strong><br />(+14 for winning)\n",
  "uploadtime": 1776303370,
  "views": 50,
  "formatid": "gen9championsvgc2026regma",
  "rating": 1343,
  "private": 0,
  "password": null
}