{
  "id": "gen9championsvgc2026regma-2587110899",
  "format": "[Gen 9 Champions] VGC 2026 Reg M-A",
  "players": [
    "AquaticPanic",
    "Dop a da"
  ],
  "log": "|j|\u2606AquaticPanic\n|j|\u2606Dop a da\n|t:|1776494906\n|gametype|doubles\n|player|p1|AquaticPanic|bellelba|1374\n|player|p2|Dop a da|169|1411\n|gen|9\n|tier|[Gen 9 Champions] VGC 2026 Reg M-A\n|rated|\n|rule|Species Clause: Limit one of each Pok\u00e9mon\n|rule|Item Clause: Limit 1 of each item\n|clearpoke\n|poke|p1|Venusaur, L50, M|\n|poke|p1|Charizard, L50, M|\n|poke|p1|Garchomp, L50, F|\n|poke|p1|Armarouge, L50, M|\n|poke|p1|Rotom-Wash, L50|\n|poke|p1|Aerodactyl, L50, M|\n|poke|p2|Kingambit, L50, M|\n|poke|p2|Rotom-Wash, L50|\n|poke|p2|Charizard, L50, F|\n|poke|p2|Sneasler, L50, M|\n|poke|p2|Garchomp, L50, M|\n|poke|p2|Whimsicott, L50, F|\n|teampreview|4\n|\n|t:|1776494939\n|teamsize|p1|4\n|teamsize|p2|4\n|start\n|switch|p1a: Charizard|Charizard, L50, M|100/100\n|switch|p1b: Armarouge|Armarouge, L50, M|100/100\n|switch|p2a: Garchomp|Garchomp, L50, M|100/100\n|switch|p2b: Rotom|Rotom-Wash, L50|100/100\n|turn|1\n|\n|t:|1776494964\n|detailschange|p1a: Charizard|Charizard-Mega-Y, L50, M\n|-mega|p1a: Charizard|Charizard|Charizardite Y\n|-weather|SunnyDay|[from] ability: Drought|[of] p1a: Charizard\n|move|p1b: Armarouge|Wide Guard|p1b: Armarouge\n|-singleturn|p1b: Armarouge|Wide Guard\n|move|p1a: Charizard|Solar Beam||[still]\n|-prepare|p1a: Charizard|Solar Beam\n|-anim|p1a: Charizard|Solar Beam|p2b: Rotom\n|-supereffective|p2b: Rotom|1\n|-damage|p2b: Rotom|0 fnt\n|faint|p2b: Rotom\n|move|p2a: Garchomp|Rock Slide|p1a: Charizard|[spread] \n|-activate|p1a: Charizard|move: Wide Guard\n|-activate|p1b: Armarouge|move: Wide Guard\n|\n|-weather|SunnyDay|[upkeep]\n|upkeep\n|\n|t:|1776494983\n|switch|p2b: Charizard|Charizard, L50, F|100/100\n|turn|2\n|\n|t:|1776494998\n|detailschange|p2b: Charizard|Charizard-Mega-Y, L50, F\n|-mega|p2b: Charizard|Charizard|Charizardite Y\n|move|p1b: Armarouge|Wide Guard|p1b: Armarouge\n|-singleturn|p1b: Armarouge|Wide Guard\n|move|p1a: Charizard|Heat Wave|p2a: Garchomp|[spread] p2a,p2b\n|-resisted|p2a: Garchomp|1\n|-resisted|p2b: Charizard|1\n|-damage|p2a: Garchomp|66/100\n|-damage|p2b: Charizard|68/100\n|move|p2a: Garchomp|Dragon Claw|p1b: Armarouge\n|-damage|p1b: Armarouge|58/100\n|-ability|p1b: Armarouge|Weak Armor|boost\n|-unboost|p1b: Armarouge|def|1\n|-boost|p1b: Armarouge|spe|2\n|move|p2b: Charizard|Weather Ball|p1b: Armarouge\n|-resisted|p1b: Armarouge|1\n|-damage|p1b: Armarouge|7/100\n|\n|-weather|SunnyDay|[upkeep]\n|upkeep\n|turn|3\n|\n|t:|1776495030\n|move|p1b: Armarouge|Psychic|p2a: Garchomp\n|-damage|p2a: Garchomp|0 fnt\n|faint|p2a: Garchomp\n|move|p1a: Charizard|Heat Wave|p2b: Charizard\n|-resisted|p2b: Charizard|1\n|-damage|p2b: Charizard|26/100\n|move|p2b: Charizard|Weather Ball|p1a: Charizard\n|-resisted|p1a: Charizard|1\n|-damage|p1a: Charizard|46/100\n|\n|-weather|SunnyDay|[upkeep]\n|upkeep\n|\n|t:|1776495036\n|switch|p2a: Whimsicott|Whimsicott, L50, F|100/100\n|turn|4\n|\n|t:|1776495049\n|move|p2a: Whimsicott|Tailwind|p2a: Whimsicott\n|-sidestart|p2: Dop a da|move: Tailwind\n|move|p2b: Charizard|Weather Ball|p1b: Armarouge\n|-resisted|p1b: Armarouge|1\n|-damage|p1b: Armarouge|0 fnt\n|faint|p1b: Armarouge\n|move|p1a: Charizard|Heat Wave|p2a: Whimsicott|[spread] p2a,p2b\n|-supereffective|p2a: Whimsicott|1\n|-resisted|p2b: Charizard|1\n|-damage|p2a: Whimsicott|0 fnt\n|-damage|p2b: Charizard|0 fnt\n|faint|p2a: Whimsicott\n|faint|p2b: Charizard\n|\n|win|AquaticPanic\n|raw|AquaticPanic's rating: 1374 &rarr; <strong>1396</strong><br />(+22 for winning)\n|raw|Dop a da's rating: 1411 &rarr; <strong>1389</strong><br />(-22 for losing)\n|l|\u2606Dop a da\n|player|p2|\n",
  "uploadtime": 1776495070,
  "views": 44,
  "formatid": "gen9championsvgc2026regma",
  "rating": 1389,
  "private": 0,
  "password": null
}