{
  "id": "gen9championsvgc2026regma-2585891048",
  "format": "[Gen 9 Champions] VGC 2026 Reg M-A",
  "players": [
    "Kyooby",
    "Saren49"
  ],
  "log": "|j|\u2606Kyooby\n|j|\u203dSaren49\n|t:|1776378876\n|gametype|doubles\n|player|p1|Kyooby|volkner|1099\n|player|p2|Saren49|102|1000\n|gen|9\n|tier|[Gen 9 Champions] VGC 2026 Reg M-A\n|rated|\n|rule|Species Clause: Limit one of each Pok\u00e9mon\n|rule|Item Clause: Limit 1 of each item\n|clearpoke\n|poke|p1|Maushold-Four, L50|\n|poke|p1|Gardevoir, L50, M|\n|poke|p1|Espathra, L50, M|\n|poke|p1|Kommo-o, L50, M|\n|poke|p1|Gyarados, L50, M|\n|poke|p1|Heliolisk, L50, M|\n|poke|p2|Lucario, L50, M|\n|poke|p2|Meganium, L50, F|\n|poke|p2|Incineroar, L50, M|\n|poke|p2|Pelipper, L50, F|\n|poke|p2|Archaludon, L50, M|\n|poke|p2|Maushold, L50|\n|teampreview|4\n|inactive|Battle timer is ON: inactive players will automatically lose when time's up. (requested by Kyooby)\n|inactive|Saren49 has 60 seconds left.\n|\n|t:|1776378915\n|teamsize|p1|4\n|teamsize|p2|4\n|start\n|switch|p1a: Maushold|Maushold-Four, L50|100/100\n|switch|p1b: Gardevoir|Gardevoir, L50, M, shiny|100/100\n|switch|p2a: Meganium|Meganium, L50, F|100/100\n|switch|p2b: Incineroar|Incineroar, L50, M|100/100\n|-ability|p1b: Gardevoir|Intimidate|Trace|[from] ability: Trace|[of] p2b: Incineroar\n|-ability|p1b: Gardevoir|Intimidate|boost\n|-unboost|p2a: Meganium|atk|1\n|-unboost|p2b: Incineroar|atk|1\n|-ability|p2b: Incineroar|Intimidate|boost\n|-unboost|p1a: Maushold|atk|1\n|-unboost|p1b: Gardevoir|atk|1\n|turn|1\n|inactive|Saren49 has 30 seconds left.\n|inactive|Saren49 has 20 seconds left.\n|\n|t:|1776378953\n|detailschange|p1b: Gardevoir|Gardevoir-Mega, L50, M, shiny\n|-mega|p1b: Gardevoir|Gardevoir|Gardevoirite\n|move|p1b: Gardevoir|Protect|p1b: Gardevoir\n|-singleturn|p1b: Gardevoir|Protect\n|move|p2b: Incineroar|Fake Out|p1b: Gardevoir\n|-activate|p1b: Gardevoir|move: Protect\n|move|p1a: Maushold|Super Fang|p2a: Meganium\n|-damage|p2a: Meganium|51/100\n|move|p2a: Meganium|Solar Beam||[still]\n|-prepare|p2a: Meganium|Solar Beam\n|\n|upkeep\n|turn|2\n|-message|Saren49 forfeited.\n|\n|win|Kyooby\n|raw|Kyooby's rating: 1099 &rarr; <strong>1117</strong><br />(+18 for winning)\n|raw|Saren49's rating: 1000 &rarr; <strong>1000</strong><br />(+0 for losing)\n",
  "uploadtime": 1776378977,
  "views": 15,
  "formatid": "gen9championsvgc2026regma",
  "rating": 1000,
  "private": 0,
  "password": null
}