{
  "id": "gen9championsvgc2026regma-2582303113",
  "format": "[Gen 9 Champions] VGC 2026 Reg M-A",
  "players": [
    "suxzor",
    "yuriimon"
  ],
  "log": "|j|\u2606suxzor\n|j|\u2606yuriimon\n|t:|1776081482\n|gametype|doubles\n|player|p1|suxzor|101|1119\n|player|p2|yuriimon|waitress-gen4|1124\n|gen|9\n|tier|[Gen 9 Champions] VGC 2026 Reg M-A\n|rated|\n|rule|Species Clause: Limit one of each Pok\u00e9mon\n|rule|Item Clause: Limit 1 of each item\n|clearpoke\n|poke|p1|Manectric, L50, F|\n|poke|p1|Tinkaton, L50, F|\n|poke|p1|Crabominable, L50, M|\n|poke|p1|Slowking, L50, F|\n|poke|p1|Basculegion, L50, M|\n|poke|p1|Hydrapple, L50, F|\n|poke|p2|Feraligatr, L50, M|\n|poke|p2|Aerodactyl, L50, F|\n|poke|p2|Sneasler, L50, F|\n|poke|p2|Mimikyu, L50, F|\n|poke|p2|Camerupt, L50, M|\n|poke|p2|Kingambit, L50, M|\n|teampreview|4\n|inactive|Battle timer is ON: inactive players will automatically lose when time's up. (requested by yuriimon)\n|inactive|suxzor has 60 seconds left.\n|inactive|yuriimon has 60 seconds left.\n|\n|t:|1776081532\n|teamsize|p1|4\n|teamsize|p2|4\n|start\n|switch|p1a: Crabominable|Crabominable, L50, M|100/100\n|switch|p1b: Basculegion|Basculegion, L50, M|100/100\n|switch|p2a: Sneasler|Sneasler, L50, F|100/100\n|switch|p2b: Camerupt|Camerupt, L50, M|100/100\n|turn|1\n|inactive|suxzor has 30 seconds left.\n|\n|t:|1776081559\n|switch|p1a: Slowking|Slowking, L50, F|100/100\n|switch|p2b: Kingambit|Kingambit, L50, M|100/100\n|move|p2a: Sneasler|Fake Out|p1a: Slowking\n|-damage|p1a: Slowking|85/100\n|move|p1b: Basculegion|Flip Turn|p2b: Kingambit\n|-damage|p2b: Kingambit|81/100\n|\n|t:|1776081570\n|switch|p1b: Crabominable|Crabominable, L50, M|100/100|[from] Flip Turn\n|\n|upkeep\n|turn|2\n|\n|t:|1776081587\n|detailschange|p1b: Crabominable|Crabominable-Mega, L50, M\n|-mega|p1b: Crabominable|Crabominable|Crabominite\n|move|p1b: Crabominable|Mach Punch|p2b: Kingambit\n|-supereffective|p2b: Kingambit|2\n|-enditem|p2b: Kingambit|Chople Berry|[eat]\n|-enditem|p2b: Kingambit|Chople Berry|[weaken]\n|-damage|p2b: Kingambit|33/100\n|move|p2a: Sneasler|Close Combat|p1b: Crabominable\n|-supereffective|p1b: Crabominable|1\n|-damage|p1b: Crabominable|9/100\n|-unboost|p2a: Sneasler|def|1\n|-unboost|p2a: Sneasler|spd|1\n|move|p2b: Kingambit|Kowtow Cleave|p1a: Slowking\n|-supereffective|p1a: Slowking|1\n|-damage|p1a: Slowking|0 fnt\n|faint|p1a: Slowking\n|\n|upkeep\n|\n|t:|1776081605\n|switch|p1a: Basculegion|Basculegion, L50, M|100/100\n|turn|3\n|\n|t:|1776081625\n|switch|p1b: Hydrapple|Hydrapple, L50, F|100/100\n|move|p2b: Kingambit|Sucker Punch|p1a: Basculegion\n|-supereffective|p1a: Basculegion|1\n|-damage|p1a: Basculegion|0 fnt\n|faint|p1a: Basculegion\n|move|p2a: Sneasler|Close Combat|p1b: Hydrapple\n|-damage|p1b: Hydrapple|51/100\n|-unboost|p2a: Sneasler|def|1\n|-unboost|p2a: Sneasler|spd|1\n|\n|upkeep\n|-message|suxzor forfeited.\n|\n|win|yuriimon\n|raw|suxzor's rating: 1119 &rarr; <strong>1094</strong><br />(-25 for losing)\n|raw|yuriimon's rating: 1124 &rarr; <strong>1149</strong><br />(+25 for winning)\n|l|\u2606suxzor\n|player|p1|\n",
  "uploadtime": 1776081638,
  "views": 11,
  "formatid": "gen9championsvgc2026regma",
  "rating": 1094,
  "private": 0,
  "password": null
}