{
  "id": "gen9championsvgc2026regma-2583703478",
  "format": "[Gen 9 Champions] VGC 2026 Reg M-A",
  "players": [
    "BeckyTheLesb",
    "Bxbdbsbc"
  ],
  "log": "|j|\u2606BeckyTheLesb\n|j|\u2606Bxbdbsbc\n|t:|1776192061\n|gametype|doubles\n|player|p1|BeckyTheLesb|170|1094\n|player|p2|Bxbdbsbc|170|1096\n|gen|9\n|tier|[Gen 9 Champions] VGC 2026 Reg M-A\n|rated|\n|rule|Species Clause: Limit one of each Pok\u00e9mon\n|rule|Item Clause: Limit 1 of each item\n|clearpoke\n|poke|p1|Meganium, L50, F|\n|poke|p1|Sinistcha, L50|\n|poke|p1|Pelipper, L50, M|\n|poke|p1|Archaludon, L50, M|\n|poke|p1|Scizor, L50, F|\n|poke|p1|Palafin, L50, M|\n|poke|p2|Mamoswine, L50, M|\n|poke|p2|Whimsicott, L50, M|\n|poke|p2|Charizard, L50, M|\n|poke|p2|Sneasler, L50, F|\n|poke|p2|Volcarona, L50, F|\n|poke|p2|Sinistcha, L50|\n|teampreview|4\n|inactive|Battle timer is ON: inactive players will automatically lose when time's up. (requested by Bxbdbsbc)\n|\n|t:|1776192085\n|teamsize|p1|4\n|teamsize|p2|4\n|start\n|switch|p1a: Pelipper|Pelipper, L50, M|100/100\n|switch|p1b: Palafin|Palafin, L50, M|100/100\n|switch|p2a: Charizard|Charizard, L50, M|100/100\n|switch|p2b: Volcarona|Volcarona, L50, F|100/100\n|-weather|RainDance|[from] ability: Drizzle|[of] p1a: Pelipper\n|turn|1\n|inactive|BeckyTheLesb has 30 seconds left.\n|inactive|Bxbdbsbc has 30 seconds left.\n|inactive|BeckyTheLesb has 20 seconds left.\n|inactive|BeckyTheLesb has 15 seconds left.\n|\n|t:|1776192126\n|detailschange|p2a: Charizard|Charizard-Mega-X, L50, M\n|-mega|p2a: Charizard|Charizard|Charizardite X\n|move|p1b: Palafin|Flip Turn|p2a: Charizard\n|-damage|p2a: Charizard|65/100\n|\n|t:|1776192132\n|detailschange|p1b: Palafin|Palafin-Hero, L50, M\n|switch|p1b: Archaludon|Archaludon, L50, M, shiny|100/100|[from] Flip Turn\n|move|p2b: Volcarona|Quiver Dance|p2b: Volcarona\n|-boost|p2b: Volcarona|spa|1\n|-boost|p2b: Volcarona|spd|1\n|-boost|p2b: Volcarona|spe|1\n|move|p2a: Charizard|Dragon Dance|p2a: Charizard\n|-boost|p2a: Charizard|atk|1\n|-boost|p2a: Charizard|spe|1\n|move|p1a: Pelipper|Tailwind|p1a: Pelipper\n|-sidestart|p1: BeckyTheLesb|move: Tailwind\n|\n|-weather|RainDance|[upkeep]\n|upkeep\n|turn|2\n|c|\u2606BeckyTheLesb|fuck fuck fuck\n|\n|t:|1776192154\n|move|p1b: Archaludon|Draco Meteor|p2a: Charizard\n|-supereffective|p2a: Charizard|1\n|-damage|p2a: Charizard|0 fnt\n|-unboost|p1b: Archaludon|spa|2\n|faint|p2a: Charizard\n|move|p2b: Volcarona|Bug Buzz|p1b: Archaludon\n|-resisted|p1b: Archaludon|1\n|-damage|p1b: Archaludon|51/100\n|-ability|p1b: Archaludon|Stamina|boost\n|-boost|p1b: Archaludon|def|1\n|move|p1a: Pelipper|Hurricane|p2b: Volcarona\n|-supereffective|p2b: Volcarona|1\n|-damage|p2b: Volcarona|51/100\n|\n|-weather|RainDance|[upkeep]\n|-heal|p1b: Archaludon|57/100|[from] item: Leftovers\n|-heal|p2b: Volcarona|57/100|[from] item: Leftovers\n|upkeep\n|c|\u2606BeckyTheLesb|fuuuck fuck fukc\n|\n|t:|1776192159\n|switch|p2a: Mamoswine|Mamoswine, L50, M|100/100\n|turn|3\n|inactive|BeckyTheLesb has 30 seconds left.\n|l|\u2606Bxbdbsbc\n|inactive|Bxbdbsbc disconnected and has a minute to reconnect!\n|player|p2|\n|\n|t:|1776192185\n|switch|p1b: Palafin|Palafin-Hero, L50, M|100/100\n|-activate|p1b: Palafin|ability: Zero to Hero\n|move|p2b: Volcarona|Bug Buzz|p1b: Palafin\n|-damage|p1b: Palafin|11/100\n|move|p1a: Pelipper|Chilling Water|p2b: Volcarona\n|-supereffective|p2b: Volcarona|1\n|-damage|p2b: Volcarona|20/100\n|-unboost|p2b: Volcarona|atk|1\n|move|p2a: Mamoswine|Icicle Spear|p1a: Pelipper\n|-damage|p1a: Pelipper|89/100\n|-damage|p1a: Pelipper|77/100\n|-damage|p1a: Pelipper|65/100\n|-hitcount|p1a: Pelipper|3\n|\n|-weather|RainDance|[upkeep]\n|-heal|p2b: Volcarona|26/100|[from] item: Leftovers\n|upkeep\n|turn|4\n|inactive|Bxbdbsbc has 30 seconds left.\n|inactive|Bxbdbsbc has 20 seconds left.\n|inactive|Bxbdbsbc has 15 seconds left.\n|inactive|Bxbdbsbc has 10 seconds left.\n|inactive|Bxbdbsbc has 5 seconds left.\n|-message|Bxbdbsbc lost due to inactivity.\n|\n|win|BeckyTheLesb\n",
  "uploadtime": 1776192158,
  "views": 13,
  "formatid": "gen9championsvgc2026regma",
  "rating": null,
  "private": 0,
  "password": null
}