{
  "id": "gen9championsvgc2026regma-2581568476",
  "format": "[Gen 9 Champions] VGC 2026 Reg M-A",
  "players": [
    "QB1K",
    "Braute"
  ],
  "log": "|j|\u2606QB1K\n|j|\u2606Braute\n|t:|1776011650\n|gametype|doubles\n|player|p1|QB1K|lady|1126\n|player|p2|Braute|miku-fire|1171\n|gen|9\n|tier|[Gen 9 Champions] VGC 2026 Reg M-A\n|rated|\n|rule|Species Clause: Limit one of each Pok\u00e9mon\n|rule|Item Clause: Limit 1 of each item\n|clearpoke\n|poke|p1|Orthworm, L50, M|\n|poke|p1|Incineroar, L50, M|\n|poke|p1|Froslass, L50, F|\n|poke|p1|Basculegion, L50, M|\n|poke|p1|Rotom-Frost, L50|\n|poke|p1|Garchomp, L50, F|\n|poke|p2|Beedrill, L50, M|\n|poke|p2|Incineroar, L50, M|\n|poke|p2|Talonflame, L50, F|\n|poke|p2|Kingambit, L50, M|\n|poke|p2|Tyranitar, L50, F|\n|poke|p2|Excadrill, L50, F|\n|teampreview|4\n|inactive|Battle timer is ON: inactive players will automatically lose when time's up. (requested by Braute)\n|\n|t:|1776011679\n|teamsize|p1|4\n|teamsize|p2|4\n|start\n|switch|p1a: Orthworm|Orthworm, L50, M|100/100\n|switch|p1b: Garchomp|Garchomp, L50, F|100/100\n|switch|p2a: Tyranitar|Tyranitar, L50, F|100/100\n|switch|p2b: Excadrill|Excadrill, L50, F|100/100\n|-weather|Sandstorm|[from] ability: Sand Stream|[of] p2a: Tyranitar\n|turn|1\n|\n|t:|1776011700\n|switch|p2a: Incineroar|Incineroar, L50, M, shiny|100/100\n|-ability|p2a: Incineroar|Intimidate|boost\n|-unboost|p1a: Orthworm|atk|1\n|-unboost|p1b: Garchomp|atk|1\n|move|p2b: Excadrill|High Horsepower|p1a: Orthworm\n|-immune|p1a: Orthworm|[from] ability: Earth Eater\n|move|p1b: Garchomp|Earthquake|p2b: Excadrill|[spread] p2a,p2b\n|-immune|p1a: Orthworm|[from] ability: Earth Eater\n|-supereffective|p2a: Incineroar|1\n|-crit|p2a: Incineroar\n|-supereffective|p2b: Excadrill|1\n|-damage|p2a: Incineroar|0 fnt\n|-damage|p2b: Excadrill|29/100\n|faint|p2a: Incineroar\n|move|p1a: Orthworm|Iron Defense|p1a: Orthworm\n|-boost|p1a: Orthworm|def|2\n|\n|-weather|Sandstorm|[upkeep]\n|upkeep\n|\n|t:|1776011714\n|switch|p2a: Tyranitar|Tyranitar, L50, F|100/100\n|turn|2\n|\n|t:|1776011721\n|move|p2b: Excadrill|Protect|p2b: Excadrill\n|-singleturn|p2b: Excadrill|Protect\n|move|p1b: Garchomp|Earthquake|p2a: Tyranitar|[spread] p2a\n|-activate|p2b: Excadrill|move: Protect\n|-immune|p1a: Orthworm|[from] ability: Earth Eater\n|-supereffective|p2a: Tyranitar|1\n|-damage|p2a: Tyranitar|63/100\n|move|p1a: Orthworm|Body Press|p2a: Tyranitar\n|-supereffective|p2a: Tyranitar|2\n|-damage|p2a: Tyranitar|0 fnt\n|faint|p2a: Tyranitar\n|\n|-weather|Sandstorm|[upkeep]\n|upkeep\n|-message|Braute forfeited.\n|\n|win|QB1K\n|raw|QB1K's rating: 1126 &rarr; <strong>1154</strong><br />(+28 for winning)\n|raw|Braute's rating: 1171 &rarr; <strong>1143</strong><br />(-28 for losing)\n",
  "uploadtime": 1776011736,
  "views": 43,
  "formatid": "gen9championsvgc2026regma",
  "rating": 1143,
  "private": 0,
  "password": null
}