{
  "id": "gen9championsvgc2026regma-2585531293",
  "format": "[Gen 9 Champions] VGC 2026 Reg M-A",
  "players": [
    "Nashi53",
    "mo3az"
  ],
  "log": "|j|\u2606Nashi53\n|j|\u2606mo3az\n|t:|1776353717\n|gametype|doubles\n|player|p1|Nashi53|265|1076\n|player|p2|mo3az|hilbert-wonderlauncher|1051\n|gen|9\n|tier|[Gen 9 Champions] VGC 2026 Reg M-A\n|rated|\n|rule|Species Clause: Limit one of each Pok\u00e9mon\n|rule|Item Clause: Limit 1 of each item\n|clearpoke\n|poke|p1|Farigiraf, L50, F|\n|poke|p1|Sinistcha, L50|\n|poke|p1|Gardevoir, L50, F|\n|poke|p1|Talonflame, L50, F|\n|poke|p1|Basculegion, L50, M|\n|poke|p1|Conkeldurr, L50, F|\n|poke|p2|Chesnaught, L50, M|\n|poke|p2|Empoleon, L50, M|\n|poke|p2|Chandelure, L50, F|\n|poke|p2|Tyranitar, L50, F|\n|poke|p2|Garchomp, L50, F|\n|poke|p2|Farigiraf, L50, M|\n|teampreview|4\n|inactive|Battle timer is ON: inactive players will automatically lose when time's up. (requested by mo3az)\n|inactive|Nashi53 also wants the timer to be on.\nNashi53 rejected open team sheets.\n|inactive|mo3az has 60 seconds left.\n|\n|t:|1776353759\n|teamsize|p1|4\n|teamsize|p2|4\n|start\n|switch|p1a: Farigiraf|Farigiraf, L50, F|100/100\n|switch|p1b: Talonflame|Talonflame, L50, F|100/100\n|switch|p2a: Chesnaught|Chesnaught, L50, M|100/100\n|switch|p2b: Chandelure|Chandelure, L50, F|100/100\n|turn|1\n|\n|t:|1776353779\n|detailschange|p2a: Chesnaught|Chesnaught-Mega, L50, M\n|-mega|p2a: Chesnaught|Chesnaught|Chesnaughtite\n|move|p2a: Chesnaught|Spiky Shield|p2a: Chesnaught\n|-singleturn|p2a: Chesnaught|move: Protect\n|move|p1b: Talonflame|Will-O-Wisp|p2a: Chesnaught\n|-activate|p2a: Chesnaught|move: Protect\n|move|p2b: Chandelure|Heat Wave|p1a: Farigiraf|[spread] p1a,p1b\n|-resisted|p1b: Talonflame|1\n|-damage|p1a: Farigiraf|57/100\n|-damage|p1b: Talonflame|67/100\n|move|p1a: Farigiraf|Trick Room|p1a: Farigiraf\n|-fieldstart|move: Trick Room|[of] p1a: Farigiraf\n|\n|upkeep\n|turn|2\n|\n|t:|1776353802\n|move|p2a: Chesnaught|Rock Slide|p1a: Farigiraf|[spread] p1a,p1b\n|-supereffective|p1b: Talonflame|2\n|-damage|p1a: Farigiraf|35/100\n|-damage|p1b: Talonflame|0 fnt\n|-enditem|p1a: Farigiraf|Sitrus Berry|[eat]\n|-heal|p1a: Farigiraf|60/100|[from] item: Sitrus Berry\n|faint|p1b: Talonflame\n|move|p1a: Farigiraf|Psychic Terrain|p1a: Farigiraf\n|-fieldstart|move: Psychic Terrain\n|move|p2b: Chandelure|Heat Wave|p1a: Farigiraf|[miss]\n|-miss|p2b: Chandelure|p1a: Farigiraf\n|\n|upkeep\n|\n|t:|1776353812\n|switch|p1b: Gardevoir|Gardevoir, L50, F|100/100\n|-ability|p1b: Gardevoir|Infiltrator|Trace|[from] ability: Trace|[of] p2b: Chandelure\n|turn|3\n|\n|t:|1776353829\n|detailschange|p1b: Gardevoir|Gardevoir-Mega, L50, F\n|-mega|p1b: Gardevoir|Gardevoir|Gardevoirite\n|move|p2a: Chesnaught|Body Press|p1a: Farigiraf\n|-damage|p1a: Farigiraf|0 fnt\n|faint|p1a: Farigiraf\n|move|p2b: Chandelure|Shadow Ball|p1b: Gardevoir\n|-supereffective|p1b: Gardevoir|1\n|-damage|p1b: Gardevoir|20/100\n|move|p1b: Gardevoir|Expanding Force|p2b: Chandelure|[spread] p2a,p2b\n|-supereffective|p2a: Chesnaught|1\n|-damage|p2a: Chesnaught|0 fnt\n|-damage|p2b: Chandelure|6/100\n|faint|p2a: Chesnaught\n|\n|upkeep\n|\n|t:|1776353845\n|switch|p2a: Tyranitar|Tyranitar, L50, F|100/100\n|switch|p1a: Basculegion|Basculegion, L50, M|100/100\n|-weather|Sandstorm|[from] ability: Sand Stream|[of] p2a: Tyranitar\n|turn|4\n|\n|t:|1776353863\n|move|p1b: Gardevoir|Protect|p1b: Gardevoir\n|-singleturn|p1b: Gardevoir|Protect\n|move|p2a: Tyranitar|Knock Off|p1a: Basculegion\n|-supereffective|p1a: Basculegion|1\n|-damage|p1a: Basculegion|0 fnt\n|-enditem|p1a: Basculegion|Choice Scarf|[from] move: Knock Off|[of] p2a: Tyranitar\n|faint|p1a: Basculegion\n|move|p2b: Chandelure|Shadow Ball|p1b: Gardevoir\n|-activate|p1b: Gardevoir|move: Protect\n|\n|-weather|Sandstorm|[upkeep]\n|-damage|p2b: Chandelure|0 fnt|[from] Sandstorm\n|-damage|p1b: Gardevoir|14/100|[from] Sandstorm\n|faint|p2b: Chandelure\n|upkeep\n|-message|Nashi53 forfeited.\n|\n|win|mo3az\n|raw|Nashi53's rating: 1076 &rarr; <strong>1053</strong><br />(-23 for losing)\n|raw|mo3az's rating: 1051 &rarr; <strong>1086</strong><br />(+35 for winning)\n|l|\u2606Nashi53\n|player|p1|\n",
  "uploadtime": 1776353878,
  "views": 23,
  "formatid": "gen9championsvgc2026regma",
  "rating": 1053,
  "private": 0,
  "password": null
}