{
  "id": "gen9championsvgc2026regma-2586364307",
  "format": "[Gen 9 Champions] VGC 2026 Reg M-A",
  "players": [
    "TNT13",
    "WojtusG"
  ],
  "log": "|j|\u2606TNT13\n|j|\u2606WojtusG\n|t:|1776429045\n|gametype|doubles\n|player|p1|TNT13|170|1117\n|player|p2|WojtusG|1|1199\n|gen|9\n|tier|[Gen 9 Champions] VGC 2026 Reg M-A\n|rated|\n|rule|Species Clause: Limit one of each Pok\u00e9mon\n|rule|Item Clause: Limit 1 of each item\n|clearpoke\n|poke|p1|Pikachu, L50, M|\n|poke|p1|Goodra, L50, F|\n|poke|p1|Starmie, L50|\n|poke|p1|Vanilluxe, L50, F|\n|poke|p1|Gyarados, L50, F|\n|poke|p1|Garganacl, L50, F|\n|poke|p2|Zoroark-Hisui, L50, M|\n|poke|p2|Meganium, L50, M|\n|poke|p2|Pelipper, L50, M|\n|poke|p2|Archaludon, L50, M|\n|poke|p2|Sneasler, L50, M|\n|poke|p2|Incineroar, L50, M|\n|teampreview|4\n|\n|t:|1776429081\n|teamsize|p1|4\n|teamsize|p2|4\n|start\n|switch|p1a: Goodra|Goodra, L50, F|100/100\n|switch|p1b: Starmie|Starmie, L50|100/100\n|switch|p2a: 1000-THR|Archaludon, L50, M|100/100\n|switch|p2b: Rain set mon|Pelipper, L50, M|100/100\n|-weather|RainDance|[from] ability: Drizzle|[of] p2b: Rain set mon\n|turn|1\n|inactive|Battle timer is ON: inactive players will automatically lose when time's up. (requested by TNT13)\n|\n|t:|1776429099\n|move|p1b: Starmie|Protect|p1b: Starmie\n|-singleturn|p1b: Starmie|Protect\n|move|p2a: 1000-THR|Nasty Plot|p2a: 1000-THR\n|-boost|p2a: 1000-THR|spa|2\n|move|p2b: Rain set mon|Tailwind|p2b: Rain set mon\n|-sidestart|p2: WojtusG|move: Tailwind\n|move|p1a: Goodra|Thunder|p2b: Rain set mon\n|-supereffective|p2b: Rain set mon|2\n|-damage|p2b: Rain set mon|0 fnt\n|faint|p2b: Rain set mon\n|\n|-weather|RainDance|[upkeep]\n|upkeep\n|\n|t:|1776429114\n|switch|p2b: 1000-THR|Archaludon, L50, M|100/100\n|turn|2\n|\n|t:|1776429129\n|switch|p1b: Pikachu|Pikachu, L50, M|100/100\n|move|p2a: 1000-THR|Hyper Voice|p1a: Goodra|[spread] p1a,p1b\n|-damage|p1a: Goodra|58/100\n|-damage|p1b: Pikachu|0 fnt\n|faint|p1b: Pikachu\n|move|p2b: 1000-THR|Electro Shot||[still]\n|-prepare|p2b: 1000-THR|Electro Shot\n|-boost|p2b: 1000-THR|spa|1\n|-anim|p2b: 1000-THR|Electro Shot|p1a: Goodra\n|-resisted|p1a: Goodra|1\n|-damage|p1a: Goodra|40/100\n|-enditem|p1a: Goodra|Sitrus Berry|[eat]\n|-heal|p1a: Goodra|64/100|[from] item: Sitrus Berry\n|move|p1a: Goodra|Thunder|p2a: 1000-THR\n|-damage|p2a: 1000-THR|44/100\n|replace|p2a: Hi!|Zoroark-Hisui, L50, M\n|-end|p2a: Hi!|Illusion\n|\n|-weather|RainDance|[upkeep]\n|upkeep\n|\n|t:|1776429149\n|switch|p1b: Vanilluxe|Vanilluxe, L50, F|100/100\n|-weather|Snowscape|[from] ability: Snow Warning|[of] p1b: Vanilluxe\n|turn|3\n|\n|t:|1776429162\n|move|p2a: Hi!|Hyper Voice|p1b: Vanilluxe|[spread] p1a,p1b\n|-damage|p1a: Goodra|23/100\n|-damage|p1b: Vanilluxe|0 fnt\n|faint|p1b: Vanilluxe\n|move|p2b: 1000-THR|Draco Meteor|p1a: Goodra\n|-supereffective|p1a: Goodra|1\n|-damage|p1a: Goodra|0 fnt\n|-unboost|p2b: 1000-THR|spa|2\n|faint|p1a: Goodra\n|\n|-weather|Snowscape|[upkeep]\n|upkeep\n|-message|TNT13 forfeited.\n|\n|win|WojtusG\n|raw|TNT13's rating: 1117 &rarr; <strong>1098</strong><br />(-19 for losing)\n|raw|WojtusG's rating: 1199 &rarr; <strong>1218</strong><br />(+19 for winning)\n|l|\u2606TNT13\n|player|p1|\n",
  "uploadtime": 1776429198,
  "views": 28,
  "formatid": "gen9championsvgc2026regma",
  "rating": 1098,
  "private": 0,
  "password": null
}