{
  "id": "gen9championsvgc2026regma-2587335538",
  "format": "[Gen 9 Champions] VGC 2026 Reg M-A",
  "players": [
    "testy accounty 2",
    "Colintick662"
  ],
  "log": "|j|\u2606testy accounty 2\n|j|\u2606Colintick662\n|t:|1776523092\n|gametype|doubles\n|player|p1|testy accounty 2|170|1580\n|player|p2|Colintick662|proton|1478\n|gen|9\n|tier|[Gen 9 Champions] VGC 2026 Reg M-A\n|rated|\n|rule|Species Clause: Limit one of each Pok\u00e9mon\n|rule|Item Clause: Limit 1 of each item\n|clearpoke\n|poke|p1|Gengar, L50, F, shiny|\n|poke|p1|Incineroar, L50, M|\n|poke|p1|Politoed, L50, M|\n|poke|p1|Archaludon, L50, F|\n|poke|p1|Basculegion, L50, M|\n|poke|p1|Meganium, L50, M|\n|poke|p2|Floette-Eternal, L50, F|\n|poke|p2|Incineroar, L50, M|\n|poke|p2|Sinistcha, L50|\n|poke|p2|Archaludon, L50, M|\n|poke|p2|Pelipper, L50, M|\n|poke|p2|Basculegion, L50, M|\n|teampreview|4\n|inactive|Battle timer is ON: inactive players will automatically lose when time's up. (requested by Colintick662)\n|\n|t:|1776523127\n|teamsize|p1|4\n|teamsize|p2|4\n|start\n|switch|p1a: Kathleen|Archaludon, L50, F|100/100\n|switch|p1b: Gengar|Gengar, L50, F, shiny|100/100\n|switch|p2a: Archaludon|Archaludon, L50, M|100/100\n|switch|p2b: Pelipper|Pelipper, L50, M|100/100\n|-weather|RainDance|[from] ability: Drizzle|[of] p2b: Pelipper\n|turn|1\n|\n|t:|1776523144\n|detailschange|p1b: Gengar|Gengar-Mega, L50, F, shiny\n|-mega|p1b: Gengar|Gengar|Gengarite\n|move|p1b: Gengar|Sludge Bomb|p2b: Pelipper\n|-damage|p2b: Pelipper|19/100\n|-status|p2b: Pelipper|psn\n|move|p1a: Kathleen|Electro Shot||[still]\n|-prepare|p1a: Kathleen|Electro Shot\n|-boost|p1a: Kathleen|spa|1\n|-anim|p1a: Kathleen|Electro Shot|p2b: Pelipper\n|-supereffective|p2b: Pelipper|2\n|-damage|p2b: Pelipper|0 fnt\n|faint|p2b: Pelipper\n|move|p2a: Archaludon|Electro Shot||[still]\n|-prepare|p2a: Archaludon|Electro Shot\n|-boost|p2a: Archaludon|spa|1\n|-anim|p2a: Archaludon|Electro Shot|p1b: Gengar\n|-damage|p1b: Gengar|21/100\n|\n|-weather|RainDance|[upkeep]\n|upkeep\n|\n|t:|1776523156\n|switch|p2b: Floette|Floette-Eternal, L50, F|100/100\n|turn|2\n|\n|t:|1776523180\n|detailschange|p2b: Floette|Floette-Mega, L50, F\n|-mega|p2b: Floette|Floette|Floettite\n|-ability|p2b: Floette|Fairy Aura\n|move|p1b: Gengar|Perish Song|p1b: Gengar\n|-start|p1a: Kathleen|perish3|[silent]\n|-start|p1b: Gengar|perish3|[silent]\n|-start|p2a: Archaludon|perish3|[silent]\n|-start|p2b: Floette|perish3|[silent]\n|-fieldactivate|move: Perish Song\n|move|p2b: Floette|Dazzling Gleam|p1b: Gengar|[spread] p1a,p1b\n|-resisted|p1b: Gengar|1\n|-damage|p1a: Kathleen|36/100\n|-damage|p1b: Gengar|0 fnt\n|-ability|p1a: Kathleen|Stamina|boost\n|-boost|p1a: Kathleen|def|1\n|faint|p1b: Gengar\n|move|p1a: Kathleen|Draco Meteor|p2a: Archaludon\n|-damage|p2a: Archaludon|0 fnt\n|-unboost|p1a: Kathleen|spa|2\n|faint|p2a: Archaludon\n|\n|-weather|RainDance|[upkeep]\n|-start|p2b: Floette|perish3\n|-start|p1a: Kathleen|perish3\n|upkeep\n|\n|t:|1776523204\n|switch|p1b: Ian|Incineroar, L50, M|100/100\n|switch|p2a: Basculegion|Basculegion, L50, M|100/100\n|-ability|p1b: Ian|Intimidate|boost\n|-unboost|p2a: Basculegion|atk|1\n|-unboost|p2b: Floette|atk|1\n|turn|3\n|\n|t:|1776523221\n|move|p1b: Ian|Fake Out|p2b: Floette\n|-damage|p2b: Floette|87/100\n|move|p2a: Basculegion|Last Respects|p1a: Kathleen\n|-damage|p1a: Kathleen|1/100\n|-ability|p1a: Kathleen|Stamina|boost\n|-boost|p1a: Kathleen|def|1\n|cant|p2b: Floette|flinch\n|move|p1a: Kathleen|Electro Shot||[still]\n|-prepare|p1a: Kathleen|Electro Shot\n|-boost|p1a: Kathleen|spa|1\n|-anim|p1a: Kathleen|Electro Shot|p2a: Basculegion\n|-supereffective|p2a: Basculegion|1\n|-damage|p2a: Basculegion|0 fnt\n|faint|p2a: Basculegion\n|\n|-weather|RainDance|[upkeep]\n|-start|p2b: Floette|perish2\n|-start|p1a: Kathleen|perish2\n|upkeep\n|turn|4\n|-message|Colintick662 forfeited.\n|\n|win|testy accounty 2\n|raw|testy accounty 2's rating: 1580 &rarr; <strong>1593</strong><br />(+13 for winning)\n|raw|Colintick662's rating: 1454 &rarr; <strong>1441</strong><br />(-13 for losing)\n|l|\u2606Colintick662\n|player|p2|\n|l|\u2606testy accounty 2\n|player|p1|\n|j|\u2606testy accounty 2\n|player|p1|testy accounty 2|170|\n",
  "uploadtime": 1776523246,
  "views": 41,
  "formatid": "gen9championsvgc2026regma",
  "rating": 1441,
  "private": 0,
  "password": null
}