{
  "id": "gen9championsvgc2026regma-2586736809",
  "format": "[Gen 9 Champions] VGC 2026 Reg M-A",
  "players": [
    "OGVGC",
    "yngtgr"
  ],
  "log": "|j|\u2606OGVGC\n|j|\u2606yngtgr\n|t:|1776455931\n|gametype|doubles\n|player|p1|OGVGC|2|\n|player|p2|yngtgr|266|\n|gen|9\n|tier|[Gen 9 Champions] VGC 2026 Reg M-A\n|rated|Tournament battle\n|rule|Species Clause: Limit one of each Pok\u00e9mon\n|rule|Item Clause: Limit 1 of each item\n|raw|<div class=\"infobox\"><details class=\"readmore\" open><summary><strong>1 custom rule:</strong></summary> Force Open Team Sheets</details></div>\n|clearpoke\n|poke|p1|Kingambit, L50, F|\n|poke|p1|Sinistcha, L50|\n|poke|p1|Sneasler, L50, F|\n|poke|p1|Starmie, L50|\n|poke|p1|Typhlosion-Hisui, L50, F|\n|poke|p1|Ninetales-Alola, L50, F|\n|poke|p2|Gengar, L50, F|\n|poke|p2|Incineroar, L50, M|\n|poke|p2|Kommo-o, L50, M|\n|poke|p2|Sinistcha, L50|\n|poke|p2|Tyranitar, L50, F|\n|poke|p2|Basculegion, L50, M|\n|teampreview|4\n|showteam|p1|Kingambit||BlackGlasses|Defiant|KowtowCleave,IronHead,SuckerPunch,Protect|||F|||50|]Sinistcha||SitrusBerry|Hospitality|RagePowder,Protect,MatchaGotcha,ShadowBall||||||50|]Sneasler||WhiteHerb|Unburden|CloseCombat,DireClaw,FakeOut,Protect|||F|||50|]Starmie||Starminite|Illuminate|Liquidation,ZenHeadbutt,Protect,IceSpinner||||||50|]Typhlosion-Hisui||ChoiceScarf|Frisk|ShadowBall,Eruption,HeatWave,Extrasensory|||F|||50|]Ninetales-Alola||FocusSash|SnowWarning|AuroraVeil,Blizzard,Protect,Disable|||F|||50|\n|showteam|p2|Gengar||Gengarite|CursedBody|ShadowBall,PerishSong,Taunt,Protect|||F|||50|]Incineroar||SitrusBerry|Intimidate|FakeOut,PartingShot,ThroatChop,Protect|||M|||50|]Kommo-o||Leftovers|Soundproof|ClangorousSoul,ClangingScales,AuraSphere,Protect|||M|||50|]Sinistcha||KasibBerry|Hospitality|MatchaGotcha,RagePowder,LifeDew,Protect||||||50|]Tyranitar||FocusSash|SandStream|RockSlide,KnockOff,LowKick,Protect|||F|||50|]Basculegion||ChoiceScarf|Adaptability|WaveCrash,LastRespects,FlipTurn,AquaJet|||M|||50|\n|j| mind goblin games\n|l| mind goblin games\n|\n|t:|1776455986\n|teamsize|p1|4\n|teamsize|p2|4\n|start\n|switch|p1a: Typhlosion|Typhlosion-Hisui, L50, F, shiny|100/100\n|switch|p1b: Sneasler|Sneasler, L50, F, shiny|100/100\n|switch|p2a: Gengar|Gengar, L50, F|100/100\n|switch|p2b: Basculegion|Basculegion, L50, M|100/100\n|-item|p2a: Gengar|Gengarite|[from] ability: Frisk|[of] p1a: Typhlosion\n|-item|p2b: Basculegion|Choice Scarf|[from] ability: Frisk|[of] p1a: Typhlosion\n|turn|1\n|inactive|Battle timer is ON: inactive players will automatically lose when time's up. (requested by yngtgr)\n|\n|t:|1776456023\n|detailschange|p2a: Gengar|Gengar-Mega, L50, F\n|-mega|p2a: Gengar|Gengar|Gengarite\n|move|p2a: Gengar|Protect|p2a: Gengar\n|-singleturn|p2a: Gengar|Protect\n|move|p1a: Typhlosion|Eruption|p2a: Gengar|[spread] p2b\n|-activate|p2a: Gengar|move: Protect\n|-resisted|p2b: Basculegion|1\n|-damage|p2b: Basculegion|67/100\n|move|p2b: Basculegion|Flip Turn|p1a: Typhlosion\n|-supereffective|p1a: Typhlosion|1\n|-damage|p1a: Typhlosion|0 fnt\n|faint|p1a: Typhlosion\n|\n|t:|1776456048\n|switch|p2b: Kommo-o|Kommo-o, L50, M|100/100|[from] Flip Turn\n|move|p1b: Sneasler|Dire Claw|p2b: Kommo-o\n|-damage|p2b: Kommo-o|68/100\n|\n|-heal|p2b: Kommo-o|74/100|[from] item: Leftovers\n|upkeep\n|\n|t:|1776456057\n|switch|p1a: Ninetales|Ninetales-Alola, L50, F, shiny|100/100\n|-weather|Snowscape|[from] ability: Snow Warning|[of] p1a: Ninetales\n|turn|2\n|inactive|yngtgr has 30 seconds left.\n|\n|t:|1776456087\n|switch|p2b: Tyranitar|Tyranitar, L50, F|100/100\n|-weather|Sandstorm|[from] ability: Sand Stream|[of] p2b: Tyranitar\n|move|p2a: Gengar|Shadow Ball|p1b: Sneasler\n|-damage|p1b: Sneasler|37/100\n|move|p1b: Sneasler|Dire Claw|p2b: Tyranitar\n|-resisted|p2b: Tyranitar|1\n|-damage|p2b: Tyranitar|84/100\n|-status|p2b: Tyranitar|par\n|move|p1a: Ninetales|Blizzard|p2b: Tyranitar|[spread] p2a,p2b\n|-damage|p2a: Gengar|68/100\n|-damage|p2b: Tyranitar|65/100 par\n|-status|p2a: Gengar|frz\n|\n|-weather|Sandstorm|[upkeep]\n|-damage|p2a: Gengar|62/100 frz|[from] Sandstorm\n|-damage|p1b: Sneasler|32/100|[from] Sandstorm\n|-damage|p1a: Ninetales|94/100|[from] Sandstorm\n|upkeep\n|turn|3\n|inactive|OGVGC has 30 seconds left.\n|inactive|yngtgr has 30 seconds left.\n|inactive|OGVGC has 20 seconds left.\n|inactive|OGVGC has 15 seconds left.\n|\n|t:|1776456130\n|switch|p2b: Basculegion|Basculegion, L50, M|67/100\n|cant|p2a: Gengar|frz\n|move|p1b: Sneasler|Close Combat|p2b: Basculegion\n|-immune|p2b: Basculegion\n|move|p1a: Ninetales|Blizzard|p2a: Gengar|[spread] p2a,p2b\n|-resisted|p2b: Basculegion|1\n|-damage|p2a: Gengar|27/100 frz\n|-damage|p2b: Basculegion|49/100\n|\n|-weather|Sandstorm|[upkeep]\n|-damage|p2b: Basculegion|43/100|[from] Sandstorm\n|-damage|p2a: Gengar|21/100 frz|[from] Sandstorm\n|-damage|p1b: Sneasler|26/100|[from] Sandstorm\n|-damage|p1a: Ninetales|88/100|[from] Sandstorm\n|upkeep\n|turn|4\n|inactive|yngtgr has 30 seconds left.\n|\n|t:|1776456163\n|move|p2b: Basculegion|Wave Crash|p1a: Ninetales\n|-damage|p1a: Ninetales|0 fnt\n|faint|p1a: Ninetales\n|-damage|p2b: Basculegion|20/100|[from] Recoil\n|cant|p2a: Gengar|frz\n|move|p1b: Sneasler|Close Combat|p2b: Basculegion\n|-immune|p2b: Basculegion\n|\n|-weather|Sandstorm|[upkeep]\n|-damage|p2b: Basculegion|14/100|[from] Sandstorm\n|-damage|p2a: Gengar|15/100 frz|[from] Sandstorm\n|-damage|p1b: Sneasler|20/100|[from] Sandstorm\n|upkeep\n|\n|t:|1776456169\n|switch|p1a: Starmie|Starmie, L50, shiny|100/100\n|turn|5\n|c|\u2606yngtgr|!dt starmie-mega\n|c|\u2606yngtgr|/raw <div class=\"message\"><ul class=\"utilichart\"><li class=\"result\"><span class=\"col numcol\">OU</span> <span class=\"col iconcol\"><psicon pokemon=\"starmiemega\"/></span> <span class=\"col pokemonnamecol\" style=\"white-space:nowrap\"><a href=\"https://dex.pokemonshowdown.com/pokemon/starmiemega\" target=\"_blank\">Starmie-Mega</a></span> <span class=\"col typecol\"><img src=\"https://play.pokemonshowdown.com/sprites/types/Water.png\" alt=\"Water\" height=\"14\" width=\"32\"><img src=\"https://play.pokemonshowdown.com/sprites/types/Psychic.png\" alt=\"Psychic\" height=\"14\" width=\"32\"></span> <span style=\"float:left;min-height:26px\"><span class=\"col abilitycol\">Huge Power</span><span class=\"col abilitycol\"></span></span><span style=\"float:left;min-height:26px\"><span class=\"col statcol\"><em>HP</em><br />60</span> <span class=\"col statcol\"><em>Atk</em><br />100</span> <span class=\"col statcol\"><em>Def</em><br />105</span> <span class=\"col statcol\"><em>SpA</em><br />130</span> <span class=\"col statcol\"><em>SpD</em><br />105</span> <span class=\"col statcol\"><em>Spe</em><br />120</span> <span class=\"col bstcol\"><em>BST<br />620</em></span> </span></li><li style=\"clear:both\"></li></ul></div>\n|c|\u2606yngtgr|/raw <font size=\"1\"><font color=\"#686868\">Dex#:</font> 121&nbsp;|&ThickSpace;<font color=\"#686868\">Gen:</font> 9&nbsp;|&ThickSpace;<font color=\"#686868\">Height:</font> 2.3 m&nbsp;|&ThickSpace;<font color=\"#686868\">Weight:</font> 80 kg <em>(80 BP)</em>&nbsp;|&ThickSpace;<font color=\"#686868\">Dex Colour:</font> Purple&nbsp;|&ThickSpace;<font color=\"#686868\">Egg Group(s):</font> Water 3&nbsp;|&ThickSpace;<font color=\"#686868\">Does Not Evolve</font></font>\n\n|inactive|yngtgr has 30 seconds left.\n|inactive|yngtgr has 20 seconds left.\n|\n|t:|1776456206\n|switch|p2b: Tyranitar|Tyranitar, L50, F|65/100 par\n|detailschange|p1a: Starmie|Starmie-Mega, L50, shiny\n|-mega|p1a: Starmie|Starmie|Starminite\n|move|p1b: Sneasler|Protect|p1b: Sneasler\n|-singleturn|p1b: Sneasler|Protect\n|-curestatus|p2a: Gengar|frz|[msg]\n|move|p2a: Gengar|Shadow Ball|p1b: Sneasler\n|-activate|p1b: Sneasler|move: Protect\n|move|p1a: Starmie|Liquidation|p2a: Gengar\n|-damage|p2a: Gengar|0 fnt\n|faint|p2a: Gengar\n|\n|-weather|Sandstorm|[upkeep]\n|-damage|p1b: Sneasler|15/100|[from] Sandstorm\n|-damage|p1a: Starmie|95/100|[from] Sandstorm\n|upkeep\n|\n|t:|1776456224\n|switch|p2a: Basculegion|Basculegion, L50, M|14/100\n|turn|6\n|inactive|OGVGC has 30 seconds left.\n|\n|t:|1776456251\n|move|p2a: Basculegion|Last Respects|p1b: Sneasler\n|-damage|p1b: Sneasler|0 fnt\n|faint|p1b: Sneasler\n|move|p1a: Starmie|Liquidation|p2a: Basculegion\n|-resisted|p2a: Basculegion|1\n|-damage|p2a: Basculegion|0 fnt\n|faint|p2a: Basculegion\n|move|p2b: Tyranitar|Knock Off|p1a: Starmie\n|-supereffective|p1a: Starmie|1\n|-damage|p1a: Starmie|0 fnt\n|faint|p1a: Starmie\n|\n|win|yngtgr\n|n|\u2606OGVGC|ogvgc\n|n|\u2606yngtgr|yngtgr\n|l|\u2606OGVGC\n|player|p1|\n",
  "uploadtime": 1776458082,
  "views": 28,
  "formatid": "gen9championsvgc2026regma",
  "rating": null,
  "private": 0,
  "password": null
}