{
  "id": "gen9championsvgc2026regma-2584819822",
  "format": "[Gen 9 Champions] VGC 2026 Reg M-A",
  "players": [
    "1%ofGamblers",
    "campeondelfitness"
  ],
  "log": "|j|\u26061%ofGamblers\n|j|\u2606campeondelfitness\n|t:|1776286084\n|gametype|doubles\n|player|p1|1%ofGamblers|170|1149\n|player|p2|campeondelfitness|swimmer|1087\n|gen|9\n|tier|[Gen 9 Champions] VGC 2026 Reg M-A\n|rated|\n|rule|Species Clause: Limit one of each Pok\u00e9mon\n|rule|Item Clause: Limit 1 of each item\n|clearpoke\n|poke|p1|Hatterene, L50, F|\n|poke|p1|Farigiraf, L50, M|\n|poke|p1|Sinistcha, L50|\n|poke|p1|Crabominable, L50, M|\n|poke|p1|Ninetales-Alola, L50, F|\n|poke|p1|Glimmora, L50, F|\n|poke|p2|Tyranitar, L50, F|\n|poke|p2|Excadrill, L50, F|\n|poke|p2|Garchomp, L50, F|\n|poke|p2|Heliolisk, L50, F|\n|poke|p2|Rotom-Heat, L50|\n|poke|p2|Orthworm, L50, F|\n|teampreview|4\n|inactive|Battle timer is ON: inactive players will automatically lose when time's up. (requested by campeondelfitness)\n|inactive|campeondelfitness has 60 seconds left.\n|\n|t:|1776286130\n|teamsize|p1|4\n|teamsize|p2|4\n|start\n|switch|p1a: Hatterene|Hatterene, L50, F|100/100\n|switch|p1b: Farigiraf|Farigiraf, L50, M|100/100\n|switch|p2a: Orthworm|Orthworm, L50, F|100/100\n|switch|p2b: Rotom|Rotom-Heat, L50|100/100\n|turn|1\n|\n|t:|1776286152\n|move|p1b: Farigiraf|Ally Switch|p1b: Farigiraf\n|swap|p1b: Farigiraf|0|[from] move: Ally Switch\n|move|p2b: Rotom|Overheat|p1a: Farigiraf\n|-damage|p1a: Farigiraf|49/100\n|-unboost|p2b: Rotom|spa|2\n|move|p2a: Orthworm|Shed Tail|p2a: Orthworm\n|-start|p2a: Orthworm|Substitute|[from] move: Shed Tail\n|-damage|p2a: Orthworm|50/100\n|\n|t:|1776286160\n|switch|p2a: Garchomp|Garchomp, L50, F|100/100|[from] Shed Tail\n|move|p1b: Hatterene|Trick Room|p1b: Hatterene\n|-fieldstart|move: Trick Room|[of] p1b: Hatterene\n|\n|upkeep\n|turn|2\n|\n|t:|1776286179\n|switch|p2b: Orthworm|Orthworm, L50, F|50/100\n|detailschange|p2a: Garchomp|Garchomp-Mega, L50, F\n|-mega|p2a: Garchomp|Garchomp|Garchompite\n|move|p1a: Farigiraf|Helping Hand|p1b: Hatterene\n|-singleturn|p1b: Hatterene|Helping Hand|[of] p1a: Farigiraf\n|move|p1b: Hatterene|Psychic|p2b: Orthworm\n|-resisted|p2b: Orthworm|1\n|-crit|p2b: Orthworm\n|-damage|p2b: Orthworm|0 fnt\n|faint|p2b: Orthworm\n|move|p2a: Garchomp|Earthquake|p1b: Hatterene|[spread] p1a,p1b\n|-damage|p1a: Farigiraf|0 fnt\n|-damage|p1b: Hatterene|49/100\n|faint|p1a: Farigiraf\n|\n|upkeep\n|\n|t:|1776286199\n|switch|p1a: Ninetales|Ninetales-Alola, L50, F|100/100\n|switch|p2b: Rotom|Rotom-Heat, L50|100/100\n|-weather|Snowscape|[from] ability: Snow Warning|[of] p1a: Ninetales\n|turn|3\n|\n|t:|1776286223\n|move|p1b: Hatterene|Dazzling Gleam|p2b: Rotom|[spread] p2a,p2b\n|-supereffective|p2a: Garchomp|1\n|-end|p2a: Garchomp|Substitute\n|-resisted|p2b: Rotom|1\n|-damage|p2b: Rotom|79/100\n|move|p2b: Rotom|Overheat|p1a: Ninetales\n|-supereffective|p1a: Ninetales|1\n|-enditem|p1a: Ninetales|Focus Sash\n|-damage|p1a: Ninetales|1/100\n|-unboost|p2b: Rotom|spa|2\n|move|p2a: Garchomp|Earthquake|p1a: Ninetales|[spread] p1a,p1b\n|-immune|p2b: Rotom|[from] ability: Levitate\n|-damage|p1a: Ninetales|0 fnt\n|-damage|p1b: Hatterene|0 fnt\n|faint|p1a: Ninetales\n|faint|p1b: Hatterene\n|\n|-weather|Snowscape|[upkeep]\n|upkeep\n|-message|1%ofGamblers forfeited.\n|\n|win|campeondelfitness\n|raw|1%ofGamblers's rating: 1149 &rarr; <strong>1120</strong><br />(-29 for losing)\n|raw|campeondelfitness's rating: 1087 &rarr; <strong>1119</strong><br />(+32 for winning)\n|l|\u26061%ofGamblers\n|player|p1|\n",
  "uploadtime": 1776286241,
  "views": 24,
  "formatid": "gen9championsvgc2026regma",
  "rating": 1119,
  "private": 0,
  "password": null
}