{
  "id": "gen9championsvgc2026regma-2580831051",
  "format": "[Gen 9 Champions] VGC 2026 Reg M-A",
  "players": [
    "CappyCappy",
    "aidanlewis26"
  ],
  "log": "|j|\u2606CappyCappy\n|j|\u2606aidanlewis26\n|t:|1775936020\n|gametype|doubles\n|player|p1|CappyCappy|miku-fairy|1075\n|player|p2|aidanlewis26|169|1068\n|gen|9\n|tier|[Gen 9 Champions] VGC 2026 Reg M-A\n|rated|\n|rule|Species Clause: Limit one of each Pok\u00e9mon\n|rule|Item Clause: Limit 1 of each item\n|clearpoke\n|poke|p1|Starmie, L50|\n|poke|p1|Arcanine-Hisui, L50, M|\n|poke|p1|Archaludon, L50, M|\n|poke|p1|Sneasler, L50, F|\n|poke|p1|Whimsicott, L50, M|\n|poke|p1|Incineroar, L50, M|\n|poke|p2|Typhlosion-Hisui, L50, F|\n|poke|p2|Charizard, L50, F|\n|poke|p2|Venusaur, L50, M|\n|poke|p2|Sneasler, L50, F|\n|poke|p2|Whimsicott, L50, M|\n|poke|p2|Floette-Eternal, L50, F|\n|teampreview|4\n|inactive|Battle timer is ON: inactive players will automatically lose when time's up. (requested by aidanlewis26)\nCappyCappy rejected open team sheets.\n|inactive|CappyCappy has 60 seconds left.\n|\n|t:|1775936069\n|teamsize|p1|4\n|teamsize|p2|4\n|start\n|switch|p1a: Whimsicott|Whimsicott, L50, M|100/100\n|switch|p1b: Sneasler|Sneasler, L50, F|100/100\n|switch|p2a: Charizard|Charizard, L50, F, shiny|100/100\n|switch|p2b: Typhlosion|Typhlosion-Hisui, L50, F|100/100\n|-item|p1a: Whimsicott|Focus Sash|[from] ability: Frisk|[of] p2b: Typhlosion\n|-item|p1b: Sneasler|Mental Herb|[from] ability: Frisk|[of] p2b: Typhlosion\n|turn|1\n|inactive|CappyCappy has 30 seconds left.\n|inactive|CappyCappy has 20 seconds left.\n|\n|t:|1775936105\n|switch|p1b: Archaludon|Archaludon, L50, M|100/100\n|detailschange|p2a: Charizard|Charizard-Mega-Y, L50, F, shiny\n|-mega|p2a: Charizard|Charizard|Charizardite Y\n|-weather|SunnyDay|[from] ability: Drought|[of] p2a: Charizard\n|move|p1a: Whimsicott|Tailwind|p1a: Whimsicott\n|-sidestart|p1: CappyCappy|move: Tailwind\n|move|p2b: Typhlosion|Eruption|p1b: Archaludon|[spread] p1a,p1b\n|-supereffective|p1a: Whimsicott|1\n|-enditem|p1a: Whimsicott|Focus Sash\n|-damage|p1a: Whimsicott|1/100\n|-ability|p1b: Archaludon|Sturdy\n|-damage|p1b: Archaludon|1/100\n|move|p2a: Charizard|Heat Wave|p1a: Whimsicott|[spread] p1a,p1b\n|-supereffective|p1a: Whimsicott|1\n|-damage|p1a: Whimsicott|0 fnt\n|-damage|p1b: Archaludon|0 fnt\n|faint|p1a: Whimsicott\n|faint|p1b: Archaludon\n|\n|-weather|SunnyDay|[upkeep]\n|upkeep\n|\n|t:|1775936117\n|switch|p1b: Arcanine|Arcanine-Hisui, L50, M|100/100\n|switch|p1a: Sneasler|Sneasler, L50, F|100/100\n|-ability|p1b: Arcanine|Intimidate|boost\n|-unboost|p2a: Charizard|atk|1\n|-unboost|p2b: Typhlosion|atk|1\n|turn|2\n|\n|t:|1775936143\n|move|p1a: Sneasler|Dire Claw|p2b: Typhlosion\n|-resisted|p2b: Typhlosion|1\n|-damage|p2b: Typhlosion|67/100\n|move|p1b: Arcanine|Rock Slide|p2a: Charizard|[spread] p2a,p2b\n|-supereffective|p2a: Charizard|2\n|-supereffective|p2b: Typhlosion|1\n|-damage|p2a: Charizard|0 fnt\n|-damage|p2b: Typhlosion|0 fnt\n|faint|p2a: Charizard\n|faint|p2b: Typhlosion\n|\n|-weather|SunnyDay|[upkeep]\n|upkeep\n|\n|t:|1775936160\n|switch|p2a: Floette|Floette-Eternal, L50, F|100/100\n|switch|p2b: Sneasler|Sneasler, L50, F|100/100\n|turn|3\n|\n|t:|1775936175\n|move|p2a: Floette|Protect|p2a: Floette\n|-singleturn|p2a: Floette|Protect\n|move|p1a: Sneasler|Dire Claw|p2a: Floette\n|-activate|p2a: Floette|move: Protect\n|move|p1b: Arcanine|Rock Slide|p2a: Floette|[spread] p2b\n|-activate|p2a: Floette|move: Protect\n|-resisted|p2b: Sneasler|1\n|-damage|p2b: Sneasler|74/100\n|move|p2b: Sneasler|Close Combat|p1b: Arcanine\n|-supereffective|p1b: Arcanine|1\n|-damage|p1b: Arcanine|0 fnt\n|-unboost|p2b: Sneasler|def|1\n|-unboost|p2b: Sneasler|spd|1\n|faint|p1b: Arcanine\n|-enditem|p2b: Sneasler|White Herb\n|-clearnegativeboost|p2b: Sneasler|[silent]\n|\n|-weather|SunnyDay|[upkeep]\n|upkeep\n|turn|4\n|inactive|aidanlewis26 has 30 seconds left.\n|\n|t:|1775936205\n|move|p1a: Sneasler|Close Combat|p2b: Sneasler\n|-resisted|p2b: Sneasler|1\n|-damage|p2b: Sneasler|16/100\n|-unboost|p1a: Sneasler|def|1\n|-unboost|p1a: Sneasler|spd|1\n|move|p2b: Sneasler|Dire Claw|p1a: Sneasler\n|-resisted|p1a: Sneasler|1\n|-damage|p1a: Sneasler|46/100\n|move|p2a: Floette|Psychic|p1a: Sneasler\n|-supereffective|p1a: Sneasler|2\n|-damage|p1a: Sneasler|0 fnt\n|faint|p1a: Sneasler\n|\n|win|aidanlewis26\n|raw|CappyCappy's rating: 1075 &rarr; <strong>1053</strong><br />(-22 for losing)\n|raw|aidanlewis26's rating: 1068 &rarr; <strong>1098</strong><br />(+30 for winning)\n",
  "uploadtime": 1775936206,
  "views": 12,
  "formatid": "gen9championsvgc2026regma",
  "rating": 1053,
  "private": 0,
  "password": null
}