{
  "id": "gen9championsvgc2026regma-2584730109",
  "format": "[Gen 9 Champions] VGC 2026 Reg M-A",
  "players": [
    "1#MiraidonHater",
    "JustJakeyVGC"
  ],
  "log": "|j|\u26061#MiraidonHater\n|j|\u2606JustJakeyVGC\n|t:|1776279603\n|gametype|doubles\n|player|p1|1#MiraidonHater|2|1336\n|player|p2|JustJakeyVGC|101|1451\n|gen|9\n|tier|[Gen 9 Champions] VGC 2026 Reg M-A\n|rated|\n|rule|Species Clause: Limit one of each Pok\u00e9mon\n|rule|Item Clause: Limit 1 of each item\n|clearpoke\n|poke|p1|Gardevoir, L50, M|\n|poke|p1|Garchomp, L50, F|\n|poke|p1|Aerodactyl, L50, F|\n|poke|p1|Tsareena, L50, F|\n|poke|p1|Incineroar, L50, F|\n|poke|p1|Basculegion, L50, M|\n|poke|p2|Whimsicott, L50, M|\n|poke|p2|Gengar, L50, F|\n|poke|p2|Incineroar, L50, F|\n|poke|p2|Basculegion, L50, M|\n|poke|p2|Sneasler, L50, M|\n|poke|p2|Farigiraf, L50, M|\n|teampreview|4\n|\n|t:|1776279637\n|teamsize|p1|4\n|teamsize|p2|4\n|start\n|switch|p1a: Gardevoir|Gardevoir, L50, M|100/100\n|switch|p1b: Aerodactyl|Aerodactyl, L50, F|100/100\n|switch|p2a: Gengar|Gengar, L50, F|100/100\n|switch|p2b: Incineroar|Incineroar, L50, F|100/100\n|-ability|p1b: Aerodactyl|Unnerve\n|-ability|p2b: Incineroar|Intimidate|boost\n|-unboost|p1a: Gardevoir|atk|1\n|-unboost|p1b: Aerodactyl|atk|1\n|turn|1\n|\n|t:|1776279650\n|detailschange|p2a: Gengar|Gengar-Mega, L50, F\n|-mega|p2a: Gengar|Gengar|Gengarite\n|move|p1b: Aerodactyl|Protect|p1b: Aerodactyl\n|-singleturn|p1b: Aerodactyl|Protect\n|move|p1a: Gardevoir|Protect|p1a: Gardevoir\n|-singleturn|p1a: Gardevoir|Protect\n|move|p2b: Incineroar|Fake Out|p1a: Gardevoir\n|-activate|p1a: Gardevoir|move: Protect\n|move|p2a: Gengar|Perish Song|p2a: Gengar\n|-start|p1a: Gardevoir|perish3|[silent]\n|-start|p1b: Aerodactyl|perish3|[silent]\n|-start|p2a: Gengar|perish3|[silent]\n|-start|p2b: Incineroar|perish3|[silent]\n|-fieldactivate|move: Perish Song\n|\n|-start|p1b: Aerodactyl|perish3\n|-start|p2a: Gengar|perish3\n|-start|p1a: Gardevoir|perish3\n|-start|p2b: Incineroar|perish3\n|upkeep\n|turn|2\n|\n|t:|1776279679\n|detailschange|p1a: Gardevoir|Gardevoir-Mega, L50, M\n|-mega|p1a: Gardevoir|Gardevoir|Gardevoirite\n|move|p2a: Gengar|Protect|p2a: Gengar\n|-singleturn|p2a: Gengar|Protect\n|move|p1b: Aerodactyl|Rock Slide|p2b: Incineroar|[spread] p2b\n|-activate|p2a: Gengar|move: Protect\n|-supereffective|p2b: Incineroar|1\n|-damage|p2b: Incineroar|69/100\n|move|p1a: Gardevoir|Hyper Voice|p2b: Incineroar|[spread] p2b\n|-activate|p2a: Gengar|move: Protect\n|-damage|p2b: Incineroar|32/100\n|move|p2b: Incineroar|Parting Shot|p1a: Gardevoir\n|-unboost|p1a: Gardevoir|atk|1\n|-unboost|p1a: Gardevoir|spa|1\n|\n|t:|1776279711\n|switch|p2b: Whimsicott|Whimsicott, L50, M|100/100|[from] Parting Shot\n|\n|-start|p1b: Aerodactyl|perish2\n|-start|p2a: Gengar|perish2\n|-start|p1a: Gardevoir|perish2\n|upkeep\n|turn|3\n|\n|t:|1776279723\n|move|p2b: Whimsicott|Encore|p1a: Gardevoir\n|-start|p1a: Gardevoir|Encore\n|move|p1b: Aerodactyl|Dual Wingbeat|p2b: Whimsicott\n|-supereffective|p2b: Whimsicott|1\n|-damage|p2b: Whimsicott|78/100\n|-supereffective|p2b: Whimsicott|1\n|-damage|p2b: Whimsicott|55/100\n|-hitcount|p2b: Whimsicott|2\n|move|p2a: Gengar|Disable|p1a: Gardevoir\n|-start|p1a: Gardevoir|Disable|Hyper Voice\n|cant|p1a: Gardevoir|Disable|Hyper Voice\n|\n|-start|p1b: Aerodactyl|perish1\n|-start|p2a: Gengar|perish1\n|-start|p1a: Gardevoir|perish1\n|upkeep\n|turn|4\n|-message|1#MiraidonHater forfeited.\n|\n|win|JustJakeyVGC\n",
  "uploadtime": 1776279605,
  "views": 20,
  "formatid": "gen9championsvgc2026regma",
  "rating": null,
  "private": 0,
  "password": null
}