{
  "id": "gen9championsvgc2026regma-2588749639",
  "format": "[Gen 9 Champions] VGC 2026 Reg M-A",
  "players": [
    "jackeroniiii",
    "Brakmeritus"
  ],
  "log": "|j|\u2606jackeroniiii\n|j|\u2606Brakmeritus\n|t:|1776665775\n|gametype|doubles\n|player|p1|jackeroniiii|1|1117\n|player|p2|Brakmeritus|lady|1042\n|gen|9\n|tier|[Gen 9 Champions] VGC 2026 Reg M-A\n|rated|\n|rule|Species Clause: Limit one of each Pok\u00e9mon\n|rule|Item Clause: Limit 1 of each item\n|clearpoke\n|poke|p1|Froslass, L50, F|\n|poke|p1|Kingambit, L50, F|\n|poke|p1|Sneasler, L50, M|\n|poke|p1|Whimsicott, L50, M|\n|poke|p1|Maushold, L50|\n|poke|p1|Milotic, L50, F|\n|poke|p2|Floette-Eternal, L50, F|\n|poke|p2|Aerodactyl, L50, M|\n|poke|p2|Incineroar, L50, M|\n|poke|p2|Sneasler, L50, M|\n|poke|p2|Garchomp, L50, F|\n|poke|p2|Basculegion, L50, M|\n|teampreview|4\n|inactive|Battle timer is ON: inactive players will automatically lose when time's up. (requested by jackeroniiii)\n|inactive|Brakmeritus has 60 seconds left.\n|\n|t:|1776665836\n|teamsize|p1|4\n|teamsize|p2|4\n|start\n|switch|p1a: Whimsicott|Whimsicott, L50, M|100/100\n|switch|p1b: Froslass|Froslass, L50, F|100/100\n|switch|p2a: Basculegion|Basculegion, L50, M|100/100\n|switch|p2b: Sneasler|Sneasler, L50, M|100/100\n|turn|1\n|inactive|Brakmeritus has 30 seconds left.\n|inactive|Brakmeritus has 20 seconds left.\n|inactive|Brakmeritus has 15 seconds left.\n|inactive|Brakmeritus has 10 seconds left.\n|\n|t:|1776665884\n|detailschange|p1b: Froslass|Froslass-Mega, L50, F\n|-mega|p1b: Froslass|Froslass|Froslassite\n|-weather|Snowscape|[from] ability: Snow Warning|[of] p1b: Froslass\n|move|p1a: Whimsicott|Tailwind|p1a: Whimsicott\n|-sidestart|p1: jackeroniiii|move: Tailwind\n|move|p1b: Froslass|Aurora Veil|p1b: Froslass\n|-sidestart|p1: jackeroniiii|move: Aurora Veil\n|move|p2a: Basculegion|Last Respects|p1b: Froslass\n|-supereffective|p1b: Froslass|1\n|-damage|p1b: Froslass|58/100\n|move|p2b: Sneasler|Dire Claw|p1a: Whimsicott\n|-supereffective|p1a: Whimsicott|2\n|-damage|p1a: Whimsicott|0 fnt\n|faint|p1a: Whimsicott\n|\n|-weather|Snowscape|[upkeep]\n|upkeep\n|\n|t:|1776665900\n|switch|p1a: Kingambit|Kingambit, L50, F|100/100\n|turn|2\n|\n|t:|1776665915\n|move|p1a: Kingambit|Sucker Punch|p2a: Basculegion\n|-supereffective|p2a: Basculegion|1\n|-damage|p2a: Basculegion|0 fnt\n|faint|p2a: Basculegion\n|move|p1b: Froslass|Blizzard|p2b: Sneasler\n|-damage|p2b: Sneasler|24/100\n|move|p2b: Sneasler|Close Combat|p1a: Kingambit\n|-supereffective|p1a: Kingambit|2\n|-crit|p1a: Kingambit\n|-damage|p1a: Kingambit|0 fnt\n|-unboost|p2b: Sneasler|def|1\n|-unboost|p2b: Sneasler|spd|1\n|faint|p1a: Kingambit\n|-enditem|p2b: Sneasler|White Herb\n|-clearnegativeboost|p2b: Sneasler|[silent]\n|\n|-weather|Snowscape|[upkeep]\n|upkeep\n|inactive|Brakmeritus has 30 seconds left.\n|inactive|Brakmeritus has 20 seconds left.\n|\n|t:|1776665954\n|switch|p2a: Aerodactyl|Aerodactyl, L50, M|100/100\n|switch|p1a: Sneasler|Sneasler, L50, M|100/100\n|-ability|p2a: Aerodactyl|Unnerve\n|turn|3\n|inactive|Brakmeritus has 30 seconds left.\n|inactive|Brakmeritus has 20 seconds left.\n|\n|t:|1776665992\n|move|p1b: Froslass|Blizzard|p2b: Sneasler|[spread] p2a,p2b\n|-supereffective|p2a: Aerodactyl|1\n|-enditem|p2a: Aerodactyl|Focus Sash\n|-damage|p2a: Aerodactyl|1/100\n|-damage|p2b: Sneasler|0 fnt\n|faint|p2b: Sneasler\n|move|p1a: Sneasler|Close Combat|p2a: Aerodactyl\n|-damage|p2a: Aerodactyl|0 fnt\n|-unboost|p1a: Sneasler|def|1\n|-unboost|p1a: Sneasler|spd|1\n|faint|p2a: Aerodactyl\n|-enditem|p1a: Sneasler|White Herb\n|-clearnegativeboost|p1a: Sneasler|[silent]\n|\n|-weather|Snowscape|[upkeep]\n|upkeep\n|-message|Brakmeritus forfeited.\n|\n|win|jackeroniiii\n|raw|jackeroniiii's rating: 1117 &rarr; <strong>1137</strong><br />(+20 for winning)\n|raw|Brakmeritus's rating: 1042 &rarr; <strong>1029</strong><br />(-13 for losing)\n",
  "uploadtime": 1776666006,
  "views": 13,
  "formatid": "gen9championsvgc2026regma",
  "rating": 1029,
  "private": 0,
  "password": null
}