{
  "id": "gen9championsvgc2026regma-2587816730",
  "format": "[Gen 9 Champions] VGC 2026 Reg M-A",
  "players": [
    "PlagueOfMinds",
    "snorlax2277"
  ],
  "log": "|j|\u2606PlagueOfMinds\n|j|\u2606snorlax2277\n|t:|1776566970\n|gametype|doubles\n|player|p1|PlagueOfMinds|265|1412\n|player|p2|snorlax2277|riley|1468\n|gen|9\n|tier|[Gen 9 Champions] VGC 2026 Reg M-A\n|rated|\n|rule|Species Clause: Limit one of each Pok\u00e9mon\n|rule|Item Clause: Limit 1 of each item\n|clearpoke\n|poke|p1|Oranguru, L50, F|\n|poke|p1|Torkoal, L50, F|\n|poke|p1|Sylveon, L50, M|\n|poke|p1|Feraligatr, L50, M|\n|poke|p1|Sinistcha, L50|\n|poke|p1|Glimmora, L50, M|\n|poke|p2|Charizard, L50, F|\n|poke|p2|Whimsicott, L50, F|\n|poke|p2|Gallade, L50, M|\n|poke|p2|Garchomp, L50, F|\n|poke|p2|Milotic, L50, M|\n|poke|p2|Kingambit, L50, F|\n|teampreview|4\n|inactive|Battle timer is ON: inactive players will automatically lose when time's up. (requested by PlagueOfMinds)\n|\n|t:|1776567000\n|teamsize|p1|4\n|teamsize|p2|4\n|start\n|switch|p1a: Sylveon|Sylveon, L50, M|100/100\n|switch|p1b: Oranguru|Oranguru, L50, F|100/100\n|switch|p2a: Charizard|Charizard, L50, F|100/100\n|switch|p2b: Gallade|Gallade, L50, M|100/100\n|turn|1\n|\n|t:|1776567012\n|detailschange|p2a: Charizard|Charizard-Mega-Y, L50, F\n|-mega|p2a: Charizard|Charizard|Charizardite Y\n|-weather|SunnyDay|[from] ability: Drought|[of] p2a: Charizard\n|move|p2a: Charizard|Heat Wave|p1a: Sylveon|[spread] p1a,p1b\n|-damage|p1a: Sylveon|51/100\n|-damage|p1b: Oranguru|45/100\n|move|p2b: Gallade|Night Slash|p1b: Oranguru\n|-supereffective|p1b: Oranguru|1\n|-crit|p1b: Oranguru\n|-damage|p1b: Oranguru|0 fnt\n|faint|p1b: Oranguru\n|move|p1a: Sylveon|Hyper Voice|p2b: Gallade|[spread] p2a,p2b\n|-resisted|p2a: Charizard|1\n|-supereffective|p2b: Gallade|1\n|-damage|p2a: Charizard|76/100\n|-damage|p2b: Gallade|1/100\n|\n|-weather|SunnyDay|[upkeep]\n|upkeep\n|\n|t:|1776567031\n|switch|p1b: Feraligatr|Feraligatr, L50, M|100/100\n|turn|2\n|\n|t:|1776567040\n|detailschange|p1b: Feraligatr|Feraligatr-Mega, L50, M\n|-mega|p1b: Feraligatr|Feraligatr|Feraligite\n|move|p1a: Sylveon|Protect|p1a: Sylveon\n|-singleturn|p1a: Sylveon|Protect\n|move|p2a: Charizard|Heat Wave|p1a: Sylveon|[spread] p1b\n|-activate|p1a: Sylveon|move: Protect\n|-resisted|p1b: Feraligatr|2\n|-damage|p1b: Feraligatr|83/100\n|move|p2b: Gallade|Psycho Cut|p1b: Feraligatr\n|-crit|p1b: Feraligatr\n|-damage|p1b: Feraligatr|18/100\n|move|p1b: Feraligatr|Double-Edge|p2a: Charizard\n|-damage|p2a: Charizard|0 fnt\n|faint|p2a: Charizard\n|-damage|p1b: Feraligatr|0 fnt|[from] Recoil\n|faint|p1b: Feraligatr\n|\n|-weather|SunnyDay|[upkeep]\n|upkeep\n|\n|t:|1776567056\n|switch|p2a: Kingambit|Kingambit, L50, F|100/100\n|switch|p1b: Torkoal|Torkoal, L50, F|100/100\n|turn|3\n|\n|t:|1776567062\n|move|p2b: Gallade|Psycho Cut|p1b: Torkoal\n|-damage|p1b: Torkoal|60/100\n|move|p1a: Sylveon|Hyper Voice|p2b: Gallade|[spread] p2a,p2b\n|-supereffective|p2b: Gallade|1\n|-damage|p2a: Kingambit|49/100\n|-damage|p2b: Gallade|0 fnt\n|faint|p2b: Gallade\n|move|p2a: Kingambit|Iron Head|p1a: Sylveon\n|-supereffective|p1a: Sylveon|1\n|-damage|p1a: Sylveon|0 fnt\n|faint|p1a: Sylveon\n|move|p1b: Torkoal|Eruption|p2a: Kingambit\n|-supereffective|p2a: Kingambit|1\n|-damage|p2a: Kingambit|0 fnt\n|faint|p2a: Kingambit\n|\n|-weather|SunnyDay|[upkeep]\n|upkeep\n|\n|t:|1776567071\n|switch|p2b: Garchomp|Garchomp, L50, F|100/100\n|turn|4\n|\n|t:|1776567077\n|move|p2b: Garchomp|Earthquake|p1b: Torkoal\n|-supereffective|p1b: Torkoal|1\n|-damage|p1b: Torkoal|0 fnt\n|faint|p1b: Torkoal\n|\n|win|snorlax2277\n|raw|PlagueOfMinds's rating: 1412 &rarr; <strong>1395</strong><br />(-17 for losing)\n|raw|snorlax2277's rating: 1468 &rarr; <strong>1485</strong><br />(+17 for winning)\n|l|\u2606PlagueOfMinds\n|player|p1|\n|l|\u2606snorlax2277\n|player|p2|\n",
  "uploadtime": 1776567173,
  "views": 18,
  "formatid": "gen9championsvgc2026regma",
  "rating": 1395,
  "private": 0,
  "password": null
}