{
  "id": "gen9championsvgc2026regma-2586248210",
  "format": "[Gen 9 Champions] VGC 2026 Reg M-A",
  "players": [
    "Mameon",
    "dnkfcr"
  ],
  "log": "|j|\u2606Mameon\n|j|\u2606dnkfcr\n|t:|1776417126\n|gametype|doubles\n|player|p1|Mameon|266|1240\n|player|p2|dnkfcr|drayden|1262\n|gen|9\n|tier|[Gen 9 Champions] VGC 2026 Reg M-A\n|rated|\n|rule|Species Clause: Limit one of each Pok\u00e9mon\n|rule|Item Clause: Limit 1 of each item\n|clearpoke\n|poke|p1|Charizard, L50, M|\n|poke|p1|Kingambit, L50, M|\n|poke|p1|Incineroar, L50, F|\n|poke|p1|Aerodactyl, L50, M|\n|poke|p1|Floette-Eternal, L50, F|\n|poke|p1|Sneasler, L50, M|\n|poke|p2|Blastoise, L50, F|\n|poke|p2|Sneasler, L50, F|\n|poke|p2|Sinistcha, L50|\n|poke|p2|Aegislash, L50, F|\n|poke|p2|Incineroar, L50, F|\n|poke|p2|Kingambit, L50, M|\n|teampreview|4\n|\n|t:|1776417187\n|teamsize|p1|4\n|teamsize|p2|4\n|start\n|switch|p1a: Charizard|Charizard, L50, M|100/100\n|switch|p1b: Sneasler|Sneasler, L50, M|100/100\n|switch|p2a: Sneasler|Sneasler, L50, F, shiny|100/100\n|switch|p2b: Blastoid|Blastoise, L50, F, shiny|100/100\n|turn|1\n|\n|t:|1776417204\n|detailschange|p1a: Charizard|Charizard-Mega-Y, L50, M\n|-mega|p1a: Charizard|Charizard|Charizardite Y\n|-weather|SunnyDay|[from] ability: Drought|[of] p1a: Charizard\n|detailschange|p2b: Blastoid|Blastoise-Mega, L50, F, shiny\n|-mega|p2b: Blastoid|Blastoise|Blastoisinite\n|move|p1b: Sneasler|Fake Out|p2a: Sneasler\n|-damage|p2a: Sneasler|78/100\n|cant|p2a: Sneasler|flinch\n|move|p1a: Charizard|Solar Beam||[still]\n|-prepare|p1a: Charizard|Solar Beam\n|-anim|p1a: Charizard|Solar Beam|p2b: Blastoid\n|-supereffective|p2b: Blastoid|1\n|-damage|p2b: Blastoid|7/100\n|move|p2b: Blastoid|Dragon Pulse|p1b: Sneasler\n|-crit|p1b: Sneasler\n|-damage|p1b: Sneasler|0 fnt\n|faint|p1b: Sneasler\n|\n|-weather|SunnyDay|[upkeep]\n|upkeep\n|\n|t:|1776417224\n|switch|p1b: Aerodactyl|Aerodactyl, L50, M|100/100\n|-ability|p1b: Aerodactyl|Unnerve\n|turn|2\n|\n|t:|1776417235\n|move|p2b: Blastoid|Protect|p2b: Blastoid\n|-singleturn|p2b: Blastoid|Protect\n|move|p1b: Aerodactyl|Tailwind|p1b: Aerodactyl\n|-sidestart|p1: Mameon|move: Tailwind\n|move|p1a: Charizard|Heat Wave|p2b: Blastoid|[spread] p2a\n|-activate|p2b: Blastoid|move: Protect\n|-damage|p2a: Sneasler|0 fnt\n|faint|p2a: Sneasler\n|\n|-weather|SunnyDay|[upkeep]\n|upkeep\n|\n|t:|1776417255\n|switch|p2a: Kingambit|Kingambit, L50, M|100/100\n|turn|3\n|\n|t:|1776417267\n|move|p1b: Aerodactyl|Rock Slide|p2a: Kingambit|[spread] p2a,p2b\n|-resisted|p2a: Kingambit|1\n|-damage|p2a: Kingambit|92/100\n|-damage|p2b: Blastoid|0 fnt\n|faint|p2b: Blastoid\n|move|p1a: Charizard|Weather Ball|p2a: Kingambit\n|-supereffective|p2a: Kingambit|1\n|-damage|p2a: Kingambit|0 fnt\n|faint|p2a: Kingambit\n|\n|-weather|SunnyDay|[upkeep]\n|upkeep\n|-message|dnkfcr forfeited.\n|\n|win|Mameon\n|raw|Mameon's rating: 1240 &rarr; <strong>1267</strong><br />(+27 for winning)\n|raw|dnkfcr's rating: 1262 &rarr; <strong>1235</strong><br />(-27 for losing)\n|l|\u2606dnkfcr\n|player|p2|\n",
  "uploadtime": 1776417279,
  "views": 47,
  "formatid": "gen9championsvgc2026regma",
  "rating": 1235,
  "private": 0,
  "password": null
}