{
  "id": "gen9championsvgc2026regma-2587963458",
  "format": "[Gen 9 Champions] VGC 2026 Reg M-A",
  "players": [
    "Hinya",
    "Diego 210452"
  ],
  "log": "|j|\u2606Hinya\n|j|\u2606Diego 210452\n|t:|1776585578\n|gametype|doubles\n|player|p1|Hinya|arezu|1237\n|player|p2|Diego 210452|hilda|1187\n|gen|9\n|tier|[Gen 9 Champions] VGC 2026 Reg M-A\n|rated|\n|rule|Species Clause: Limit one of each Pok\u00e9mon\n|rule|Item Clause: Limit 1 of each item\n|clearpoke\n|poke|p1|Gengar, L50, M|\n|poke|p1|Aerodactyl, L50, M|\n|poke|p1|Incineroar, L50, M|\n|poke|p1|Kingambit, L50, M|\n|poke|p1|Sinistcha, L50, shiny|\n|poke|p1|Whimsicott, L50, M|\n|poke|p2|Skarmory, L50, F|\n|poke|p2|Ninetales-Alola, L50, M|\n|poke|p2|Raichu, L50, F|\n|poke|p2|Volcarona, L50, F|\n|poke|p2|Basculegion, L50, M|\n|poke|p2|Passimian, L50, F|\n|teampreview|4\n|inactive|Battle timer is ON: inactive players will automatically lose when time's up. (requested by Hinya)\n|inactive|Diego 210452 has 60 seconds left.\n|\n|t:|1776585627\n|teamsize|p1|4\n|teamsize|p2|4\n|start\n|switch|p1a: \ud32c\ud140|Gengar, L50, M|100/100\n|switch|p1b: \uc5b4\ud765\uc5fc|Incineroar, L50, M|100/100\n|switch|p2a: Basculegion|Basculegion, L50, M|100/100\n|switch|p2b: Passimian|Passimian, L50, F|100/100\n|-ability|p2a: Basculegion|Mold Breaker\n|-ability|p1b: \uc5b4\ud765\uc5fc|Intimidate|boost\n|-unboost|p2a: Basculegion|atk|1\n|-unboost|p2b: Passimian|atk|1\n|-ability|p2b: Passimian|Defiant|boost\n|-boost|p2b: Passimian|atk|2\n|turn|1\n|inactive|Hinya has 30 seconds left.\n|inactive|Diego 210452 has 30 seconds left.\n|inactive|Diego 210452 has 20 seconds left.\n|\n|t:|1776585664\n|detailschange|p1a: \ud32c\ud140|Gengar-Mega, L50, M\n|-mega|p1a: \ud32c\ud140|Gengar|Gengarite\n|move|p1a: \ud32c\ud140|Protect|p1a: \ud32c\ud140\n|-singleturn|p1a: \ud32c\ud140|Protect\n|move|p2b: Passimian|Upper Hand||[still]\n|-fail|p2b: Passimian\n|move|p2a: Basculegion|Flip Turn|p1a: \ud32c\ud140\n|-activate|p1a: \ud32c\ud140|move: Protect\n|move|p1b: \uc5b4\ud765\uc5fc|Parting Shot|p2a: Basculegion\n|-unboost|p2a: Basculegion|atk|1\n|-unboost|p2a: Basculegion|spa|1\n|\n|t:|1776585676\n|switch|p1b: \ub300\ub3c4\uac01\ucc38|Kingambit, L50, M|100/100|[from] Parting Shot\n|\n|upkeep\n|turn|2\n|\n|t:|1776585703\n|switch|p2a: Volcarona|Volcarona, L50, F|100/100\n|move|p1b: \ub300\ub3c4\uac01\ucc38|Protect|p1b: \ub300\ub3c4\uac01\ucc38\n|-singleturn|p1b: \ub300\ub3c4\uac01\ucc38|Protect\n|move|p1a: \ud32c\ud140|Perish Song|p1a: \ud32c\ud140\n|-start|p1a: \ud32c\ud140|perish3|[silent]\n|-start|p1b: \ub300\ub3c4\uac01\ucc38|perish3|[silent]\n|-start|p2a: Volcarona|perish3|[silent]\n|-start|p2b: Passimian|perish3|[silent]\n|-fieldactivate|move: Perish Song\n|move|p2b: Passimian|Close Combat|p1b: \ub300\ub3c4\uac01\ucc38\n|-activate|p1b: \ub300\ub3c4\uac01\ucc38|move: Protect\n|\n|-start|p1a: \ud32c\ud140|perish3\n|-start|p2b: Passimian|perish3\n|-start|p2a: Volcarona|perish3\n|-start|p1b: \ub300\ub3c4\uac01\ucc38|perish3\n|upkeep\n|turn|3\n|inactive|Diego 210452 has 30 seconds left.\n|\n|t:|1776585730\n|switch|p1b: \uadf8\uc6b0\ub9b0\ucc28|Sinistcha, L50, shiny|100/100\n|move|p1a: \ud32c\ud140|Protect|p1a: \ud32c\ud140\n|-singleturn|p1a: \ud32c\ud140|Protect\n|move|p2b: Passimian|Close Combat|p1b: \uadf8\uc6b0\ub9b0\ucc28\n|-immune|p1b: \uadf8\uc6b0\ub9b0\ucc28\n|move|p2a: Volcarona|Heat Wave|p1b: \uadf8\uc6b0\ub9b0\ucc28|[spread] p1b\n|-activate|p1a: \ud32c\ud140|move: Protect\n|-supereffective|p1b: \uadf8\uc6b0\ub9b0\ucc28|1\n|-damage|p1b: \uadf8\uc6b0\ub9b0\ucc28|18/100\n|-enditem|p1b: \uadf8\uc6b0\ub9b0\ucc28|Sitrus Berry|[eat]\n|-heal|p1b: \uadf8\uc6b0\ub9b0\ucc28|43/100|[from] item: Sitrus Berry\n|\n|-start|p1a: \ud32c\ud140|perish2\n|-start|p2b: Passimian|perish2\n|-start|p2a: Volcarona|perish2\n|upkeep\n|turn|4\n|inactive|Hinya has 30 seconds left.\n|inactive|Diego 210452 has 30 seconds left.\n|inactive|Hinya has 20 seconds left.\n|inactive|Diego 210452 has 20 seconds left.\n|inactive|Hinya has 15 seconds left.\n|inactive|Diego 210452 has 15 seconds left.\n|inactive|Diego 210452 has 10 seconds left.\n|\n|t:|1776585776\n|switch|p1b: \uc5b4\ud765\uc5fc|Incineroar, L50, M|100/100\n|-ability|p1b: \uc5b4\ud765\uc5fc|Intimidate|boost\n|-unboost|p2a: Volcarona|atk|1\n|-unboost|p2b: Passimian|atk|1\n|-ability|p2b: Passimian|Defiant|boost\n|-boost|p2b: Passimian|atk|2\n|move|p1a: \ud32c\ud140|Disable|p2b: Passimian\n|-start|p2b: Passimian|Disable|Close Combat\n|move|p2b: Passimian|Earthquake|p1a: \ud32c\ud140|[spread] p2a,p1a,p1b\n|-supereffective|p1a: \ud32c\ud140|1\n|-supereffective|p1b: \uc5b4\ud765\uc5fc|1\n|-damage|p2a: Volcarona|38/100\n|-damage|p1a: \ud32c\ud140|0 fnt\n|-damage|p1b: \uc5b4\ud765\uc5fc|0 fnt\n|faint|p1a: \ud32c\ud140\n|faint|p1b: \uc5b4\ud765\uc5fc\n|move|p2a: Volcarona|Heat Wave|p1: \ud32c\ud140|[notarget]\n|-fail|p2a: Volcarona\n|\n|-heal|p2a: Volcarona|44/100|[from] item: Leftovers\n|-start|p2b: Passimian|perish1\n|-start|p2a: Volcarona|perish1\n|upkeep\n|-message|Hinya forfeited.\n|\n|win|Diego 210452\n|raw|Hinya's rating: 1237 &rarr; <strong>1208</strong><br />(-29 for losing)\n|raw|Diego 210452's rating: 1187 &rarr; <strong>1216</strong><br />(+29 for winning)\n|l|\u2606Hinya\n|player|p1|\n",
  "uploadtime": 1776585841,
  "views": 14,
  "formatid": "gen9championsvgc2026regma",
  "rating": 1208,
  "private": 0,
  "password": null
}