{
  "id": "gen9championsvgc2026regma-2582757561",
  "format": "[Gen 9 Champions] VGC 2026 Reg M-A",
  "players": [
    "SpaceEntity",
    "hyunbelievable"
  ],
  "log": "|j|\u2606SpaceEntity\n|j|\u2606hyunbelievable\n|t:|1776111999\n|gametype|doubles\n|player|p1|SpaceEntity|unknownf|1190\n|player|p2|hyunbelievable|guzma|1146\n|gen|9\n|tier|[Gen 9 Champions] VGC 2026 Reg M-A\n|rated|\n|rule|Species Clause: Limit one of each Pok\u00e9mon\n|rule|Item Clause: Limit 1 of each item\n|clearpoke\n|poke|p1|Dragonite, L50, F|\n|poke|p1|Pelipper, L50, M|\n|poke|p1|Sneasler, L50, F|\n|poke|p1|Dedenne, L50, M|\n|poke|p1|Aegislash, L50, F|\n|poke|p1|Incineroar, L50, F|\n|poke|p2|Floette-Eternal, L50, F|\n|poke|p2|Aerodactyl, L50, M|\n|poke|p2|Excadrill, L50, F|\n|poke|p2|Tyranitar, L50, F|\n|poke|p2|Orthworm, L50, M|\n|poke|p2|Rotom-Heat, L50|\n|teampreview|4\nSpaceEntity rejected open team sheets.\n|inactive|Battle timer is ON: inactive players will automatically lose when time's up. (requested by SpaceEntity)\n|inactive|hyunbelievable has 60 seconds left.\n|\n|t:|1776112047\n|teamsize|p1|4\n|teamsize|p2|4\n|start\n|switch|p1a: Dragonite|Dragonite, L50, F|100/100\n|switch|p1b: Pelipper|Pelipper, L50, M|100/100\n|switch|p2a: Orthworm|Orthworm, L50, M|100/100\n|switch|p2b: Rotom|Rotom-Heat, L50|100/100\n|-weather|RainDance|[from] ability: Drizzle|[of] p1b: Pelipper\n|turn|1\n|\n|t:|1776112065\n|detailschange|p1a: Dragonite|Dragonite-Mega, L50, F\n|-mega|p1a: Dragonite|Dragonite|Dragoninite\n|move|p2b: Rotom|Volt Switch|p1b: Pelipper\n|-supereffective|p1b: Pelipper|2\n|-enditem|p1b: Pelipper|Focus Sash\n|-damage|p1b: Pelipper|1/100\n|\n|t:|1776112071\n|switch|p2b: Tyranitar|Tyranitar, L50, F|100/100|[from] Volt Switch\n|-weather|Sandstorm|[from] ability: Sand Stream|[of] p2b: Tyranitar\n|move|p1a: Dragonite|Thunder|p2a: Orthworm\n|-damage|p2a: Orthworm|29/100\n|-enditem|p2a: Orthworm|Sitrus Berry|[eat]\n|-heal|p2a: Orthworm|54/100|[from] item: Sitrus Berry\n|move|p1b: Pelipper|Weather Ball|p2b: Tyranitar\n|-damage|p2b: Tyranitar|83/100\n|move|p2a: Orthworm|Shed Tail|p2a: Orthworm\n|-start|p2a: Orthworm|Substitute|[from] move: Shed Tail\n|-damage|p2a: Orthworm|3/100\n|\n|t:|1776112084\n|switch|p2a: Excadrill|Excadrill, L50, F|100/100|[from] Shed Tail\n|\n|-weather|Sandstorm|[upkeep]\n|-damage|p1a: Dragonite|94/100|[from] Sandstorm\n|-damage|p1b: Pelipper|0 fnt|[from] Sandstorm\n|faint|p1b: Pelipper\n|upkeep\n|\n|t:|1776112093\n|switch|p1b: Aegislash|Aegislash, L50, F|100/100\n|turn|2\n|\n|t:|1776112118\n|switch|p1a: Sneasler|Sneasler, L50, F|100/100\n|move|p2a: Excadrill|Protect|p2a: Excadrill\n|-singleturn|p2a: Excadrill|Protect\n|move|p1b: Aegislash|King's Shield|p1b: Aegislash\n|-singleturn|p1b: Aegislash|Protect\n|move|p2b: Tyranitar|Dragon Dance|p2b: Tyranitar\n|-boost|p2b: Tyranitar|atk|1\n|-boost|p2b: Tyranitar|spe|1\n|\n|-weather|Sandstorm|[upkeep]\n|-damage|p1a: Sneasler|95/100|[from] Sandstorm\n|upkeep\n|turn|3\n|\n|t:|1776112142\n|move|p2a: Excadrill|High Horsepower|p1a: Sneasler\n|-supereffective|p1a: Sneasler|1\n|-damage|p1a: Sneasler|0 fnt\n|faint|p1a: Sneasler\n|move|p2b: Tyranitar|Knock Off|p1b: Aegislash\n|-supereffective|p1b: Aegislash|1\n|-crit|p1b: Aegislash\n|-damage|p1b: Aegislash|0 fnt\n|-enditem|p1b: Aegislash|Metal Coat|[from] move: Knock Off|[of] p2b: Tyranitar\n|faint|p1b: Aegislash\n|\n|-weather|Sandstorm|[upkeep]\n|upkeep\n|-message|SpaceEntity forfeited.\n|\n|win|hyunbelievable\n|raw|SpaceEntity's rating: 1190 &rarr; <strong>1162</strong><br />(-28 for losing)\n|raw|hyunbelievable's rating: 1146 &rarr; <strong>1174</strong><br />(+28 for winning)\n|l|\u2606SpaceEntity\n|player|p1|\n",
  "uploadtime": 1776112149,
  "views": 14,
  "formatid": "gen9championsvgc2026regma",
  "rating": 1162,
  "private": 0,
  "password": null
}