{
  "id": "gen9championsvgc2026regma-2587943023",
  "format": "[Gen 9 Champions] VGC 2026 Reg M-A",
  "players": [
    "No.Name.Th",
    "PM77Switch"
  ],
  "log": "|j|\u2606No.Name.Th\n|j|\u2606PM77Switch\n|t:|1776582517\n|gametype|doubles\n|player|p1|No.Name.Th|265|1408\n|player|p2|PM77Switch|102|1410\n|gen|9\n|tier|[Gen 9 Champions] VGC 2026 Reg M-A\n|rated|\n|rule|Species Clause: Limit one of each Pok\u00e9mon\n|rule|Item Clause: Limit 1 of each item\n|clearpoke\n|poke|p1|Camerupt, L50, M, shiny|\n|poke|p1|Kingambit, L50, M, shiny|\n|poke|p1|Farigiraf, L50, F, shiny|\n|poke|p1|Abomasnow, L50, M, shiny|\n|poke|p1|Incineroar, L50, M, shiny|\n|poke|p1|Sinistcha, L50, shiny|\n|poke|p2|Blastoise, L50, F|\n|poke|p2|Kingambit, L50, F|\n|poke|p2|Sneasler, L50, M|\n|poke|p2|Pelipper, L50, F|\n|poke|p2|Sinistcha, L50|\n|poke|p2|Incineroar, L50, F|\n|teampreview|4\n|inactive|Battle timer is ON: inactive players will automatically lose when time's up. (requested by PM77Switch)\n|inactive|PM77Switch has 60 seconds left.\n|j| sa1ty808\n|\n|t:|1776582561\n|teamsize|p1|4\n|teamsize|p2|4\n|start\n|switch|p1a: Farigiraf|Farigiraf, L50, F, shiny|100/100\n|switch|p1b: Incineroar|Incineroar, L50, M, shiny|100/100\n|switch|p2a: Blastoise|Blastoise, L50, F|100/100\n|switch|p2b: Kingambit|Kingambit, L50, F|100/100\n|-ability|p1b: Incineroar|Intimidate|boost\n|-unboost|p2a: Blastoise|atk|1\n|-unboost|p2b: Kingambit|atk|1\n|-ability|p2b: Kingambit|Defiant|boost\n|-boost|p2b: Kingambit|atk|2\n|turn|1\n|\n|t:|1776582570\n|detailschange|p2a: Blastoise|Blastoise-Mega, L50, F\n|-mega|p2a: Blastoise|Blastoise|Blastoisinite\n|move|p1b: Incineroar|Fake Out|p2b: Kingambit\n|-resisted|p2b: Kingambit|1\n|-damage|p2b: Kingambit|95/100\n|move|p2a: Blastoise|Water Spout|p1b: Incineroar|[spread] p1a,p1b\n|-supereffective|p1b: Incineroar|1\n|-damage|p1a: Farigiraf|48/100\n|-damage|p1b: Incineroar|0 fnt\n|faint|p1b: Incineroar\n|cant|p2b: Kingambit|flinch\n|move|p1a: Farigiraf|Trick Room|p1a: Farigiraf\n|-fieldstart|move: Trick Room|[of] p1a: Farigiraf\n|\n|upkeep\n|\n|t:|1776582574\n|switch|p1b: Abomasnow|Abomasnow, L50, M, shiny|100/100\n|-weather|Snowscape|[from] ability: Snow Warning|[of] p1b: Abomasnow\n|turn|2\n|\n|t:|1776582594\n|move|p2a: Blastoise|Protect|p2a: Blastoise\n|-singleturn|p2a: Blastoise|Protect\n|move|p1a: Farigiraf|Hyper Voice|p2a: Blastoise|[spread] p2b\n|-activate|p2a: Blastoise|move: Protect\n|-resisted|p2b: Kingambit|1\n|-crit|p2b: Kingambit\n|-damage|p2b: Kingambit|74/100\n|move|p1b: Abomasnow|Energy Ball|p2a: Blastoise\n|-activate|p2a: Blastoise|move: Protect\n|move|p2b: Kingambit|Iron Head|p1b: Abomasnow\n|-supereffective|p1b: Abomasnow|1\n|-damage|p1b: Abomasnow|0 fnt\n|faint|p1b: Abomasnow\n|\n|-weather|Snowscape|[upkeep]\n|upkeep\n|-message|No.Name.Th forfeited.\n|\n|win|PM77Switch\n|raw|No.Name.Th's rating: 1408 &rarr; <strong>1388</strong><br />(-20 for losing)\n|raw|PM77Switch's rating: 1410 &rarr; <strong>1430</strong><br />(+20 for winning)\n|l|\u2606No.Name.Th\n|player|p1|\n",
  "uploadtime": 1776582607,
  "views": 21,
  "formatid": "gen9championsvgc2026regma",
  "rating": 1388,
  "private": 0,
  "password": null
}