{
  "id": "gen9championsvgc2026regma-2587846153",
  "format": "[Gen 9 Champions] VGC 2026 Reg M-A",
  "players": [
    "Danievania",
    "rexoguns"
  ],
  "log": "|j|\u2606Danievania\n|j|\u2606rexoguns\n|t:|1776570055\n|gametype|doubles\n|player|p1|Danievania|byron|1448\n|player|p2|rexoguns|ingo|1379\n|gen|9\n|tier|[Gen 9 Champions] VGC 2026 Reg M-A\n|rated|\n|rule|Species Clause: Limit one of each Pok\u00e9mon\n|rule|Item Clause: Limit 1 of each item\n|clearpoke\n|poke|p1|Delphox, L50, M, shiny|\n|poke|p1|Sneasler, L50, F, shiny|\n|poke|p1|Garchomp, L50, F, shiny|\n|poke|p1|Aerodactyl, L50, F|\n|poke|p1|Kingambit, L50, M|\n|poke|p1|Sinistcha, L50|\n|poke|p2|Kingambit, L50, M|\n|poke|p2|Sneasler, L50, F|\n|poke|p2|Basculegion, L50, M|\n|poke|p2|Delphox, L50, F|\n|poke|p2|Clefable, L50, F|\n|poke|p2|Farigiraf, L50, F|\n|teampreview|4\n|inactive|Battle timer is ON: inactive players will automatically lose when time's up. (requested by rexoguns)\nDanievania rejected open team sheets.\n|inactive|Danievania has 60 seconds left.\n|inactive|rexoguns has 60 seconds left.\n|\n|t:|1776570106\n|teamsize|p1|4\n|teamsize|p2|4\n|start\n|switch|p1a: Garchomp|Garchomp, L50, F, shiny|100/100\n|switch|p1b: Aerodactyl|Aerodactyl, L50, F|100/100\n|switch|p2a: Hanzo|Basculegion, L50, M|100/100\n|switch|p2b: Alice|Delphox, L50, F|100/100\n|turn|1\n|inactive|Danievania has 30 seconds left.\n|inactive|Danievania has 20 seconds left.\n|inactive|Danievania has 15 seconds left.\n|inactive|Danievania has 10 seconds left.\n|\n|t:|1776570156\n|detailschange|p1b: Aerodactyl|Aerodactyl-Mega, L50, F\n|-mega|p1b: Aerodactyl|Aerodactyl|Aerodactylite\n|detailschange|p2b: Alice|Delphox-Mega, L50, F\n|-mega|p2b: Alice|Delphox|Delphoxite\n|move|p1b: Aerodactyl|Rock Slide|p2b: Alice|[spread] p2a,p2b\n|-supereffective|p2b: Alice|1\n|-damage|p2a: Hanzo|63/100\n|-damage|p2b: Alice|12/100\n|move|p2a: Hanzo|Wave Crash|p1a: Garchomp\n|-damage|p1a: Garchomp|22/100\n|-damage|p2a: Hanzo|51/100|[from] ability: Rough Skin|[of] p1a: Garchomp\n|-damage|p2a: Hanzo|27/100|[from] Recoil\n|move|p2b: Alice|Psychic|p1a: Garchomp\n|-damage|p1a: Garchomp|0 fnt\n|faint|p1a: Garchomp\n|\n|upkeep\n|\n|t:|1776570170\n|switch|p1a: Kingambit|Kingambit, L50, M|100/100\n|turn|2\n|\n|t:|1776570187\n|switch|p2b: Carmilla|Farigiraf, L50, F|100/100\n|move|p1b: Aerodactyl|Rock Slide|p2b: Carmilla|[spread] p2a\n|-miss|p1b: Aerodactyl|p2b: Carmilla\n|-damage|p2a: Hanzo|0 fnt\n|faint|p2a: Hanzo\n|move|p1a: Kingambit|Kowtow Cleave|p2b: Carmilla\n|-supereffective|p2b: Carmilla|1\n|-enditem|p2b: Carmilla|Colbur Berry|[eat]\n|-enditem|p2b: Carmilla|Colbur Berry|[weaken]\n|-damage|p2b: Carmilla|56/100\n|\n|upkeep\n|\n|t:|1776570199\n|switch|p2a: Alice|Delphox-Mega, L50, F|12/100\n|turn|3\n|\n|t:|1776570224\n|move|p2a: Alice|Protect|p2a: Alice\n|-singleturn|p2a: Alice|Protect\n|move|p1b: Aerodactyl|Rock Slide|p2b: Carmilla|[spread] p2b\n|-activate|p2a: Alice|move: Protect\n|-damage|p2b: Carmilla|34/100\n|move|p1a: Kingambit|Kowtow Cleave|p2b: Carmilla\n|-supereffective|p2b: Carmilla|1\n|-damage|p2b: Carmilla|0 fnt\n|faint|p2b: Carmilla\n|\n|upkeep\n|-message|rexoguns forfeited.\n|\n|win|Danievania\n|raw|Danievania's rating: 1448 &rarr; <strong>1464</strong><br />(+16 for winning)\n|raw|rexoguns's rating: 1379 &rarr; <strong>1363</strong><br />(-16 for losing)\n|l|\u2606rexoguns\n|player|p2|\n",
  "uploadtime": 1776570284,
  "views": 18,
  "formatid": "gen9championsvgc2026regma",
  "rating": 1363,
  "private": 0,
  "password": null
}