{
  "id": "gen9championsvgc2026regma-2587075048",
  "format": "[Gen 9 Champions] VGC 2026 Reg M-A",
  "players": [
    "nananaadomixi",
    "applefarmer13"
  ],
  "log": "|j|\u2606nananaadomixi\n|j|\u2606applefarmer13\n|t:|1776489985\n|gametype|doubles\n|player|p1|nananaadomixi|hilbert|1117\n|player|p2|applefarmer13|101|1034\n|gen|9\n|tier|[Gen 9 Champions] VGC 2026 Reg M-A\n|rated|\n|rule|Species Clause: Limit one of each Pok\u00e9mon\n|rule|Item Clause: Limit 1 of each item\n|clearpoke\n|poke|p1|Floette-Eternal, L50, F|\n|poke|p1|Incineroar, L50, M|\n|poke|p1|Garchomp, L50, M|\n|poke|p1|Sneasler, L50, F|\n|poke|p1|Aerodactyl, L50, F|\n|poke|p1|Torkoal, L50, M|\n|poke|p2|Hydrapple, L50, F, shiny|\n|poke|p2|Oranguru, L50, F|\n|poke|p2|Sneasler, L50, F, shiny|\n|poke|p2|Incineroar, L50, F|\n|poke|p2|Torkoal, L50, M|\n|poke|p2|Crabominable, L50, F|\n|teampreview|4\n|\n|t:|1776490020\n|teamsize|p1|4\n|teamsize|p2|4\n|start\n|switch|p1a: Sneasler|Sneasler, L50, F|100/100\n|switch|p1b: Aerodactyl|Aerodactyl, L50, F|100/100\n|switch|p2a: Crabominable|Crabominable, L50, F|100/100\n|switch|p2b: Oranguru|Oranguru, L50, F|100/100\n|-ability|p1b: Aerodactyl|Unnerve\n|turn|1\n|\n|t:|1776490042\n|detailschange|p2a: Crabominable|Crabominable-Mega, L50, F\n|-mega|p2a: Crabominable|Crabominable|Crabominite\n|move|p1b: Aerodactyl|Taunt|p2b: Oranguru\n|-start|p2b: Oranguru|move: Taunt\n|-enditem|p2b: Oranguru|Mental Herb\n|-end|p2b: Oranguru|move: Taunt\n|move|p1a: Sneasler|Dire Claw|p2b: Oranguru\n|-damage|p2b: Oranguru|64/100\n|move|p2a: Crabominable|Ice Hammer|p1b: Aerodactyl\n|-supereffective|p1b: Aerodactyl|1\n|-enditem|p1b: Aerodactyl|Focus Sash\n|-damage|p1b: Aerodactyl|1/100\n|-unboost|p2a: Crabominable|spe|1\n|move|p2b: Oranguru|Trick Room|p2b: Oranguru\n|-fieldstart|move: Trick Room|[of] p2b: Oranguru\n|\n|upkeep\n|turn|2\n|-message|nananaadomixi forfeited.\n|\n|win|applefarmer13\n|raw|nananaadomixi's rating: 1117 &rarr; <strong>1086</strong><br />(-31 for losing)\n|raw|applefarmer13's rating: 1034 &rarr; <strong>1077</strong><br />(+43 for winning)\n|l|\u2606nananaadomixi\n|player|p1|\n",
  "uploadtime": 1776490070,
  "views": 12,
  "formatid": "gen9championsvgc2026regma",
  "rating": 1077,
  "private": 0,
  "password": null
}