{
  "id": "gen9championsvgc2026regma-2585790575",
  "format": "[Gen 9 Champions] VGC 2026 Reg M-A",
  "players": [
    "lordofthebagels89",
    "angstmacher>)"
  ],
  "log": "|j|\u2606lordofthebagels89\n|j|\u2606angstmacher>)\n|t:|1776370852\n|gametype|doubles\n|player|p1|lordofthebagels89|266|1097\n|player|p2|angstmacher>)|harlequin|1123\n|gen|9\n|tier|[Gen 9 Champions] VGC 2026 Reg M-A\n|rated|\n|rule|Species Clause: Limit one of each Pok\u00e9mon\n|rule|Item Clause: Limit 1 of each item\n|clearpoke\n|poke|p1|Glimmora, L50, M|\n|poke|p1|Incineroar, L50, F|\n|poke|p1|Aegislash, L50, M|\n|poke|p1|Sinistcha, L50|\n|poke|p1|Floette-Eternal, L50, F|\n|poke|p1|Milotic, L50, M|\n|poke|p2|Torkoal, L50, F|\n|poke|p2|Farigiraf, L50, M|\n|poke|p2|Sneasler, L50, F|\n|poke|p2|Venusaur, L50, F|\n|poke|p2|Golurk, L50|\n|poke|p2|Incineroar, L50, M|\n|teampreview|4\n|j| KallumZ-A\n|l| KallumZ-A\n|\n|t:|1776370879\n|teamsize|p1|4\n|teamsize|p2|4\n|start\n|switch|p1a: Wolfey|Incineroar, L50, F|100/100\n|switch|p1b: Plant|Glimmora, L50, M|100/100\n|switch|p2a: Farigiraf|Farigiraf, L50, M|100/100\n|switch|p2b: Incineroar|Incineroar, L50, M|100/100\n|-ability|p2b: Incineroar|Intimidate|boost\n|-unboost|p1a: Wolfey|atk|1\n|-unboost|p1b: Plant|atk|1\n|-ability|p1a: Wolfey|Intimidate|boost\n|-unboost|p2a: Farigiraf|atk|1\n|-unboost|p2b: Incineroar|atk|1\n|turn|1\n|\n|t:|1776370900\n|switch|p1a: Jowi|Aegislash, L50, M|100/100\n|detailschange|p1b: Plant|Glimmora-Mega, L50, M\n|-mega|p1b: Plant|Glimmora|Glimmoranite\n|move|p2b: Incineroar|Fake Out|p1a: Jowi\n|-immune|p1a: Jowi\n|move|p1b: Plant|Power Gem|p2b: Incineroar\n|-supereffective|p2b: Incineroar|1\n|-damage|p2b: Incineroar|0 fnt\n|faint|p2b: Incineroar\n|move|p2a: Farigiraf|Trick Room|p2a: Farigiraf\n|-fieldstart|move: Trick Room|[of] p2a: Farigiraf\n|\n|upkeep\n|\n|t:|1776370909\n|switch|p2b: Golurk|Golurk, L50|100/100\n|turn|2\n|\n|t:|1776370919\n|switch|p1b: Wolfey|Incineroar, L50, F|100/100\n|-ability|p1b: Wolfey|Intimidate|boost\n|-unboost|p2a: Farigiraf|atk|1\n|-unboost|p2b: Golurk|atk|1\n|detailschange|p2b: Golurk|Golurk-Mega, L50\n|-mega|p2b: Golurk|Golurk|Golurkite\n|move|p2b: Golurk|Poltergeist|p1a: Jowi\n|-activate|p1a: Jowi|move: Poltergeist|Colbur Berry\n|-supereffective|p1a: Jowi|1\n|-damage|p1a: Jowi|28/100\n|move|p2a: Farigiraf|Psychic|p1b: Wolfey\n|-immune|p1b: Wolfey\n|-formechange|p1a: Jowi|Aegislash-Blade|\n|move|p1a: Jowi|Poltergeist|p2b: Golurk\n|-activate|p2b: Golurk|move: Poltergeist|Golurkite\n|-supereffective|p2b: Golurk|1\n|-damage|p2b: Golurk|0 fnt\n|faint|p2b: Golurk\n|\n|upkeep\n|\n|t:|1776370923\n|switch|p2b: Venusaur|Venusaur, L50, F|100/100\n|turn|3\n|-message|angstmacher>) forfeited.\n|\n|win|lordofthebagels89\n|raw|lordofthebagels89's rating: 1097 &rarr; <strong>1124</strong><br />(+27 for winning)\n|raw|angstmacher&gt;)'s rating: 1123 &rarr; <strong>1096</strong><br />(-27 for losing)\n|l|\u2606angstmacher>)\n|player|p2|\n",
  "uploadtime": 1776370937,
  "views": 16,
  "formatid": "gen9championsvgc2026regma",
  "rating": 1096,
  "private": 0,
  "password": null
}