{
  "id": "gen9championsvgc2026regma-2585613188",
  "format": "[Gen 9 Champions] VGC 2026 Reg M-A",
  "players": [
    "thatgriefer",
    "User2026newplayer"
  ],
  "log": "|j|\u2606thatgriefer\n|j|\u2606User2026newplayer\n|t:|1776358915\n|gametype|doubles\n|player|p1|thatgriefer|brycen|1096\n|player|p2|User2026newplayer|bugcatcher-gen4dp|1046\n|gen|9\n|tier|[Gen 9 Champions] VGC 2026 Reg M-A\n|rated|\n|rule|Species Clause: Limit one of each Pok\u00e9mon\n|rule|Item Clause: Limit 1 of each item\n|clearpoke\n|poke|p1|Houndoom, L50, F|\n|poke|p1|Whimsicott, L50, F|\n|poke|p1|Garchomp, L50, M|\n|poke|p1|Sneasler, L50, F|\n|poke|p1|Corviknight, L50, M|\n|poke|p1|Basculegion, L50, M|\n|poke|p2|Blastoise, L50, F|\n|poke|p2|Meganium, L50, F|\n|poke|p2|Altaria, L50, M|\n|poke|p2|Arcanine, L50, F|\n|poke|p2|Abomasnow, L50, F|\n|poke|p2|Bellibolt, L50, F|\n|teampreview|4\n|inactive|Battle timer is ON: inactive players will automatically lose when time's up. (requested by thatgriefer)\n|inactive|thatgriefer has 60 seconds left.\n|\n|t:|1776358960\n|teamsize|p1|4\n|teamsize|p2|4\n|start\n|switch|p1a: Sneasler|Sneasler, L50, F|100/100\n|switch|p1b: Houndoom|Houndoom, L50, F|100/100\n|switch|p2a: Blastoise|Blastoise, L50, F|100/100\n|switch|p2b: Meganium|Meganium, L50, F|100/100\n|turn|1\n|inactive|User2026newplayer has 30 seconds left.\n|\n|t:|1776358992\n|detailschange|p1b: Houndoom|Houndoom-Mega, L50, F\n|-mega|p1b: Houndoom|Houndoom|Houndoominite\n|detailschange|p2a: Blastoise|Blastoise-Mega, L50, F\n|-mega|p2a: Blastoise|Blastoise|Blastoisinite\n|move|p1a: Sneasler|Fake Out|p2a: Blastoise\n|-damage|p2a: Blastoise|88/100\n|move|p1b: Houndoom|Nasty Plot|p1b: Houndoom\n|-boost|p1b: Houndoom|spa|2\n|cant|p2a: Blastoise|flinch\n|move|p2b: Meganium|Heal Pulse|p2a: Blastoise\n|-heal|p2a: Blastoise|100/100\n|\n|upkeep\n|turn|2\n|\n|t:|1776359017\n|move|p2b: Meganium|Helping Hand|p2a: Blastoise\n|-singleturn|p2a: Blastoise|Helping Hand|[of] p2b: Meganium\n|move|p1a: Sneasler|Close Combat|p2a: Blastoise\n|-damage|p2a: Blastoise|45/100\n|-unboost|p1a: Sneasler|def|1\n|-unboost|p1a: Sneasler|spd|1\n|-enditem|p1a: Sneasler|White Herb\n|-clearnegativeboost|p1a: Sneasler|[silent]\n|move|p1b: Houndoom|Dark Pulse|p2a: Blastoise\n|-damage|p2a: Blastoise|0 fnt\n|faint|p2a: Blastoise\n|\n|upkeep\n|\n|t:|1776359033\n|switch|p2a: Altaria|Altaria, L50, M|100/100\n|turn|3\n|\n|t:|1776359053\n|move|p1a: Sneasler|Dire Claw|p2b: Meganium\n|-supereffective|p2b: Meganium|1\n|-crit|p2b: Meganium\n|-damage|p2b: Meganium|13/100\n|move|p1b: Houndoom|Dark Pulse|p2a: Altaria\n|-damage|p2a: Altaria|15/100\n|move|p2b: Meganium|Leaf Storm|p1a: Sneasler\n|-resisted|p1a: Sneasler|1\n|-damage|p1a: Sneasler|73/100\n|-unboost|p2b: Meganium|spa|2\n|move|p2a: Altaria|Alluring Voice|p1b: Houndoom\n|-damage|p1b: Houndoom|81/100\n|\n|-heal|p2b: Meganium|19/100|[from] item: Leftovers\n|upkeep\n|turn|4\n|-message|User2026newplayer forfeited.\n|\n|win|thatgriefer\n|raw|thatgriefer's rating: 1096 &rarr; <strong>1118</strong><br />(+22 for winning)\n|raw|User2026newplayer's rating: 1046 &rarr; <strong>1032</strong><br />(-14 for losing)\n|l|\u2606User2026newplayer\n|player|p2|\n",
  "uploadtime": 1776359078,
  "views": 28,
  "formatid": "gen9championsvgc2026regma",
  "rating": 1032,
  "private": 0,
  "password": null
}