{
  "id": "gen9championsvgc2026regma-2580599687",
  "format": "[Gen 9 Champions] VGC 2026 Reg M-A",
  "players": [
    "merijn2018",
    "5wamp"
  ],
  "log": "|j|\u2606merijn2018\n|j|\u26065wamp\n|html|<table width=\"100%\"><tr><td align=\"left\">merijn2018</td><td align=\"right\">5wamp</tr><tr><td align=\"left\"><i class=\"fa fa-circle-o\"></i> <i class=\"fa fa-circle-o\"></i> </td><td align=\"right\"><i class=\"fa fa-circle-o\"></i> <i class=\"fa fa-circle-o\"></i> </tr></table>\n|uhtml|bestof|<h2><strong>Game 1</strong> of <a href=\"/game-bestof3-gen9championsvgc2026regma-2580599686\">a best-of-3</a></h2>\n|t:|1775916864\n|gametype|doubles\n|player|p1|merijn2018|silver|\n|player|p2|5wamp|carmine-festival|\n|gen|9\n|tier|[Gen 9 Champions] VGC 2026 Reg M-A\n|rated|Tournament battle\n|rule|Species Clause: Limit one of each Pok\u00e9mon\n|rule|Item Clause: Limit 1 of each item\n|raw|<div class=\"infobox\"><details class=\"readmore\" open><summary><strong>2 custom rules:</strong></summary> Force Open Team Sheets, Best of = 3</details></div>\n|clearpoke\n|poke|p1|Chandelure, L50, M|\n|poke|p1|Hydreigon, L50, M|\n|poke|p1|Milotic, L50, M|\n|poke|p1|Sinistcha, L50|\n|poke|p1|Kingambit, L50, F|\n|poke|p1|Klefki, L50, M|\n|poke|p2|Floette-Eternal, L50, F|\n|poke|p2|Garchomp, L50, F|\n|poke|p2|Aegislash, L50, F|\n|poke|p2|Milotic, L50, F|\n|poke|p2|Sinistcha, L50|\n|poke|p2|Incineroar, L50, M|\n|teampreview|4\n|showteam|p1|Chandelure||Chandelurite|FlashFire|HeatWave,ShadowBall,CalmMind,Protect|||M|||50|]Hydreigon||LumBerry|Levitate|DarkPulse,EarthPower,Tailwind,Protect|||M|||50|]Milotic||Leftovers|Competitive|Scald,IceBeam,LifeDew,Protect|||M|||50|]Sinistcha||SitrusBerry|Hospitality|MatchaGotcha,TrickRoom,LifeDew,RagePowder||||||50|]Kingambit||ChopleBerry|Defiant|IronHead,KowtowCleave,SuckerPunch,Protect|||F|||50|]Klefki||ShucaBerry|Prankster|Psychic,SunnyDay,LightScreen,Reflect|||M|||50|\n|showteam|p2|Floette-Eternal||Floettite|FlowerVeil|Moonblast,DazzlingGleam,CalmMind,Protect|||F|||50|]Garchomp||LumBerry|SandVeil|StompingTantrum,DragonClaw,RockSlide,Protect|||F|||50|]Aegislash||SpellTag|StanceChange|Poltergeist,ShadowSneak,SacredSword,KingsShield|||F|||50|]Milotic||Leftovers|Competitive|Scald,IceBeam,Recover,Protect|||F|||50|]Sinistcha||OccaBerry|Hospitality|MatchaGotcha,StrengthSap,RagePowder,TrickRoom||||||50|]Incineroar||SitrusBerry|Intimidate|FakeOut,FlareBlitz,ThroatChop,PartingShot|||M|||50|\n|inactive|Battle timer is ON: inactive players will automatically lose when time's up. (requested by 5wamp)\n|j| Zavok65\n|j| Very Pogger Name\n|inactive|merijn2018 has 60 seconds left.\n|j| pr.iyanshu768500\n|l| pr.iyanshu768500\n|inactive|merijn2018 has 30 seconds left.\n|\n|t:|1775916933\n|teamsize|p1|4\n|teamsize|p2|4\n|start\n|switch|p1a: Chandelure|Chandelure, L50, M|100/100\n|switch|p1b: Klefki|Klefki, L50, M|100/100\n|switch|p2a: Floette|Floette-Eternal, L50, F|100/100\n|switch|p2b: Garchomp|Garchomp, L50, F|100/100\n|turn|1\n|inactive|merijn2018 has 30 seconds left.\n|\n|t:|1775916961\n|detailschange|p2a: Floette|Floette-Mega, L50, F\n|-mega|p2a: Floette|Floette|Floettite\n|-ability|p2a: Floette|Fairy Aura\n|detailschange|p1a: Chandelure|Chandelure-Mega, L50, M\n|-mega|p1a: Chandelure|Chandelure|Chandelurite\n|move|p1b: Klefki|Reflect|p1b: Klefki\n|-sidestart|p1: merijn2018|Reflect\n|move|p2b: Garchomp|Stomping Tantrum|p1a: Chandelure\n|-supereffective|p1a: Chandelure|1\n|-damage|p1a: Chandelure|50/100\n|move|p2a: Floette|Calm Mind|p2a: Floette\n|-boost|p2a: Floette|spa|1\n|-boost|p2a: Floette|spd|1\n|move|p1a: Chandelure|Heat Wave|p2b: Garchomp|[spread] p2a,p2b\n|-resisted|p2b: Garchomp|1\n|-damage|p2a: Floette|78/100\n|-damage|p2b: Garchomp|76/100\n|\n|upkeep\n|turn|2\n|\n|t:|1775916979\n|move|p1a: Chandelure|Protect|p1a: Chandelure\n|-singleturn|p1a: Chandelure|Protect\n|move|p1b: Klefki|Light Screen|p1b: Klefki\n|-sidestart|p1: merijn2018|move: Light Screen\n|move|p2b: Garchomp|Stomping Tantrum|p1a: Chandelure\n|-activate|p1a: Chandelure|move: Protect\n|move|p2a: Floette|Calm Mind|p2a: Floette\n|-boost|p2a: Floette|spa|1\n|-boost|p2a: Floette|spd|1\n|\n|upkeep\n|turn|3\n|\n|t:|1775916987\n|switch|p1b: Sinistcha|Sinistcha, L50|100/100\n|-heal|p1a: Chandelure|75/100|[from] ability: Hospitality|[of] p1b: Sinistcha\n|move|p2b: Garchomp|Stomping Tantrum|p1a: Chandelure\n|-supereffective|p1a: Chandelure|1\n|-damage|p1a: Chandelure|22/100\n|move|p2a: Floette|Dazzling Gleam|p1b: Sinistcha|[spread] p1a,p1b\n|-resisted|p1a: Chandelure|1\n|-damage|p1a: Chandelure|0 fnt\n|-damage|p1b: Sinistcha|27/100\n|-enditem|p1b: Sinistcha|Sitrus Berry|[eat]\n|-heal|p1b: Sinistcha|52/100|[from] item: Sitrus Berry\n|faint|p1a: Chandelure\n|\n|upkeep\n|-message|merijn2018 forfeited.\n|\n|win|5wamp\n",
  "uploadtime": 1775916997,
  "views": 10,
  "formatid": "gen9championsvgc2026regma",
  "rating": null,
  "private": 0,
  "password": null
}