{
  "id": "gen9championsvgc2026regma-2586441172",
  "format": "[Gen 9 Champions] VGC 2026 Reg M-A",
  "players": [
    "Sygna Suit Nate",
    "TheMuj"
  ],
  "log": "|j|\u2606Sygna Suit Nate\n|j|\u2606TheMuj\n|t:|1776434909\n|gametype|doubles\n|player|p1|Sygna Suit Nate|2|1169\n|player|p2|TheMuj|1|1153\n|gen|9\n|tier|[Gen 9 Champions] VGC 2026 Reg M-A\n|rated|\n|rule|Species Clause: Limit one of each Pok\u00e9mon\n|rule|Item Clause: Limit 1 of each item\n|clearpoke\n|poke|p1|Tyranitar, L50, F|\n|poke|p1|Garchomp, L50, M|\n|poke|p1|Gardevoir, L50, M|\n|poke|p1|Gyarados, L50, M|\n|poke|p1|Excadrill, L50, M|\n|poke|p1|Rotom-Heat, L50|\n|poke|p2|Floette-Eternal, L50, F|\n|poke|p2|Aerodactyl, L50, F|\n|poke|p2|Basculegion, L50, M|\n|poke|p2|Archaludon, L50, F|\n|poke|p2|Sneasler, L50, M|\n|poke|p2|Dragonite, L50, M|\n|teampreview|4\n|c|\u2606Sygna Suit Nate|glhf\n|\n|t:|1776434935\n|teamsize|p1|4\n|teamsize|p2|4\n|start\n|switch|p1a: Excadrill|Excadrill, L50, M|100/100\n|switch|p1b: Gardevoir|Gardevoir, L50, M|100/100\n|switch|p2a: Sneasler|Sneasler, L50, M|100/100\n|switch|p2b: Floette|Floette-Eternal, L50, F|100/100\n|turn|1\n|\n|t:|1776434952\n|detailschange|p2b: Floette|Floette-Mega, L50, F\n|-mega|p2b: Floette|Floette|Floettite\n|-ability|p2b: Floette|Fairy Aura\n|move|p2b: Floette|Protect|p2b: Floette\n|-singleturn|p2b: Floette|Protect\n|move|p2a: Sneasler|Fake Out|p1a: Excadrill\n|-resisted|p1a: Excadrill|1\n|-damage|p1a: Excadrill|89/100\n|move|p1b: Gardevoir|Psyshock|p2a: Sneasler\n|-supereffective|p2a: Sneasler|2\n|-crit|p2a: Sneasler\n|-damage|p2a: Sneasler|0 fnt\n|faint|p2a: Sneasler\n|cant|p1a: Excadrill|flinch\n|\n|upkeep\n|\n|t:|1776434967\n|switch|p2a: Basculegion|Basculegion, L50, M|100/100\n|turn|2\n|\n|t:|1776434976\n|switch|p1b: Tyranitar|Tyranitar, L50, F|100/100\n|-weather|Sandstorm|[from] ability: Sand Stream|[of] p1b: Tyranitar\n|move|p1a: Excadrill|Iron Head|p2b: Floette\n|-supereffective|p2b: Floette|1\n|-damage|p2b: Floette|0 fnt\n|faint|p2b: Floette\n|move|p2a: Basculegion|Wave Crash|p1b: Tyranitar\n|-supereffective|p1b: Tyranitar|1\n|-damage|p1b: Tyranitar|0 fnt\n|faint|p1b: Tyranitar\n|-damage|p2a: Basculegion|66/100|[from] Recoil\n|\n|-weather|Sandstorm|[upkeep]\n|-damage|p2a: Basculegion|59/100|[from] Sandstorm\n|upkeep\n|\n|t:|1776434986\n|switch|p2b: Archaludon|Archaludon, L50, F|100/100\n|switch|p1b: Gyarados|Gyarados, L50, M|100/100\n|-ability|p1b: Gyarados|Intimidate|boost\n|-unboost|p2a: Basculegion|atk|1\n|-unboost|p2b: Archaludon|atk|1\n|turn|3\n|\n|t:|1776434996\n|move|p1b: Gyarados|Helping Hand|p1a: Excadrill\n|-singleturn|p1a: Excadrill|Helping Hand|[of] p1b: Gyarados\n|move|p1a: Excadrill|Earthquake|p2a: Basculegion|[spread] p2a,p2b\n|-immune|p1b: Gyarados\n|-crit|p2a: Basculegion\n|-supereffective|p2b: Archaludon|1\n|-damage|p2a: Basculegion|0 fnt\n|-damage|p2b: Archaludon|6/100\n|-ability|p2b: Archaludon|Stamina|boost\n|-boost|p2b: Archaludon|def|1\n|-enditem|p2b: Archaludon|Sitrus Berry|[eat]\n|-heal|p2b: Archaludon|31/100|[from] item: Sitrus Berry\n|faint|p2a: Basculegion\n|move|p2b: Archaludon|Electro Shot||[still]\n|-prepare|p2b: Archaludon|Electro Shot\n|-boost|p2b: Archaludon|spa|1\n|\n|-weather|Sandstorm|[upkeep]\n|-damage|p1b: Gyarados|95/100|[from] Sandstorm\n|upkeep\n|turn|4\n|-message|TheMuj forfeited.\n|\n|win|Sygna Suit Nate\n|raw|Sygna Suit Nate's rating: 1169 &rarr; <strong>1193</strong><br />(+24 for winning)\n|raw|TheMuj's rating: 1153 &rarr; <strong>1129</strong><br />(-24 for losing)\n|l|\u2606TheMuj\n|player|p2|\n",
  "uploadtime": 1776435016,
  "views": 28,
  "formatid": "gen9championsvgc2026regma",
  "rating": 1129,
  "private": 0,
  "password": null
}