{
  "id": "gen9championsvgc2026regma-2584968392",
  "format": "[Gen 9 Champions] VGC 2026 Reg M-A",
  "players": [
    "jazzyoran",
    "finessermable"
  ],
  "log": "|j|\u2606jazzyoran\n|j|\u2606finessermable\n|t:|1776299110\n|gametype|doubles\n|player|p1|jazzyoran|lyra|1000\n|player|p2|finessermable|mars|1000\n|gen|9\n|tier|[Gen 9 Champions] VGC 2026 Reg M-A\n|rated|\n|rule|Species Clause: Limit one of each Pok\u00e9mon\n|rule|Item Clause: Limit 1 of each item\n|clearpoke\n|poke|p1|Drampa, L50, F|\n|poke|p1|Sinistcha-Masterpiece, L50|\n|poke|p1|Pelipper, L50, M|\n|poke|p1|Alakazam, L50, M|\n|poke|p1|Basculegion, L50, M|\n|poke|p1|Scizor, L50, F|\n|poke|p2|Clefable, L50, M|\n|poke|p2|Kingambit, L50, F|\n|poke|p2|Incineroar, L50, F|\n|poke|p2|Dragonite, L50, M|\n|poke|p2|Sinistcha, L50|\n|poke|p2|Starmie, L50|\n|teampreview|4\n|inactive|Battle timer is ON: inactive players will automatically lose when time's up. (requested by finessermable)\n|inactive|finessermable has 60 seconds left.\n|\n|t:|1776299149\n|teamsize|p1|4\n|teamsize|p2|4\n|start\n|switch|p1a: Drampa|Drampa, L50, F|100/100\n|switch|p1b: Alakazam|Alakazam, L50, M|100/100\n|switch|p2a: Sinistcha|Sinistcha, L50|100/100\n|switch|p2b: Incineroar|Incineroar, L50, F|100/100\n|-ability|p2b: Incineroar|Intimidate|boost\n|-unboost|p1a: Drampa|atk|1\n|-fail|p1b: Alakazam|unboost|Attack|[from] ability: Inner Focus|[of] p1b: Alakazam\n|-ability|p1a: Drampa|Cloud Nine\n|turn|1\n|inactive|jazzyoran has 30 seconds left.\n|\n|t:|1776299179\n|detailschange|p1a: Drampa|Drampa-Mega, L50, F\n|-mega|p1a: Drampa|Drampa|Drampanite\n|move|p1b: Alakazam|Speed Swap|p1a: Drampa\n|-activate|p1b: Alakazam|move: Speed Swap|[of] p1a: Drampa\n|move|p1a: Drampa|Calm Mind|p1a: Drampa\n|-boost|p1a: Drampa|spa|1\n|-boost|p1a: Drampa|spd|1\n|move|p2b: Incineroar|Parting Shot|p1a: Drampa\n|-unboost|p1a: Drampa|atk|1\n|-unboost|p1a: Drampa|spa|1\n|\n|t:|1776299190\n|switch|p2b: Clefable|Clefable, L50, M|100/100|[from] Parting Shot\n|move|p2a: Sinistcha|Trick Room|p2a: Sinistcha\n|-fieldstart|move: Trick Room|[of] p2a: Sinistcha\n|\n|upkeep\n|turn|2\n|\n|t:|1776299212\n|switch|p2a: Incineroar|Incineroar, L50, F|100/100\n|-ability|p2a: Incineroar|Intimidate|boost\n|-unboost|p1a: Drampa|atk|1\n|-fail|p1b: Alakazam|unboost|Attack|[from] ability: Inner Focus|[of] p1b: Alakazam\n|detailschange|p2b: Clefable|Clefable-Mega, L50, M\n|-mega|p2b: Clefable|Clefable|Clefablite\n|move|p1b: Alakazam|Light Screen|p1b: Alakazam\n|-sidestart|p1: jazzyoran|move: Light Screen\n|move|p2b: Clefable|Moonblast|p1a: Drampa\n|-supereffective|p1a: Drampa|1\n|-damage|p1a: Drampa|53/100\n|move|p1a: Drampa|Calm Mind|p1a: Drampa\n|-boost|p1a: Drampa|spa|1\n|-boost|p1a: Drampa|spd|1\n|\n|upkeep\n|turn|3\n|\n|t:|1776299234\n|move|p1a: Drampa|Protect|p1a: Drampa\n|-singleturn|p1a: Drampa|Protect\n|move|p1b: Alakazam|Reflect|p1b: Alakazam\n|-sidestart|p1: jazzyoran|Reflect\n|move|p2a: Incineroar|Throat Chop|p1a: Drampa\n|-activate|p1a: Drampa|move: Protect\n|move|p2b: Clefable|Moonblast|p1a: Drampa\n|-activate|p1a: Drampa|move: Protect\n|\n|upkeep\n|turn|4\n|\n|t:|1776299247\n|switch|p1b: Sinistcha|Sinistcha-Masterpiece, L50|100/100\n|-heal|p1a: Drampa|78/100|[from] ability: Hospitality|[of] p1b: Sinistcha\n|move|p2a: Incineroar|Throat Chop|p1b: Sinistcha\n|-supereffective|p1b: Sinistcha|1\n|-damage|p1b: Sinistcha|57/100\n|-start|p1b: Sinistcha|Throat Chop|[silent]\n|move|p2b: Clefable|Moonblast|p1a: Drampa\n|-supereffective|p1a: Drampa|1\n|-crit|p1a: Drampa\n|-damage|p1a: Drampa|0 fnt\n|faint|p1a: Drampa\n|\n|upkeep\n|-message|jazzyoran forfeited.\n|\n|win|finessermable\n|raw|jazzyoran's rating: 1000 &rarr; <strong>1000</strong><br />(+0 for losing)\n|raw|finessermable's rating: 1000 &rarr; <strong>1040</strong><br />(+40 for winning)\n|l|\u2606jazzyoran\n|player|p1|\n",
  "uploadtime": 1776299263,
  "views": 23,
  "formatid": "gen9championsvgc2026regma",
  "rating": 1000,
  "private": 0,
  "password": null
}