{
  "id": "gen9championsvgc2026regma-2587155071",
  "format": "[Gen 9 Champions] VGC 2026 Reg M-A",
  "players": [
    "Danie2294",
    "MishMash106"
  ],
  "log": "|j|\u2606Danie2294\n|j|\u2606MishMash106\n|t:|1776501503\n|gametype|doubles\n|player|p1|Danie2294|marlon|1071\n|player|p2|MishMash106|roxie|1136\n|gen|9\n|tier|[Gen 9 Champions] VGC 2026 Reg M-A\n|rated|\n|rule|Species Clause: Limit one of each Pok\u00e9mon\n|rule|Item Clause: Limit 1 of each item\n|clearpoke\n|poke|p1|Aerodactyl, L50, F|\n|poke|p1|Garchomp, L50, M|\n|poke|p1|Farigiraf, L50, M|\n|poke|p1|Tyranitar, L50, M|\n|poke|p1|Incineroar, L50, F|\n|poke|p1|Corviknight, L50, M|\n|poke|p2|Glalie, L50, M|\n|poke|p2|Basculegion, L50, M|\n|poke|p2|Talonflame, L50, M|\n|poke|p2|Garchomp, L50, F|\n|poke|p2|Delphox, L50, M|\n|poke|p2|Sneasler, L50, M|\n|teampreview|4\n|inactive|Battle timer is ON: inactive players will automatically lose when time's up. (requested by MishMash106)\n|inactive|Danie2294 also wants the timer to be on.\n|inactive|Danie2294 has 60 seconds left.\n|inactive|MishMash106 has 60 seconds left.\n|\n|t:|1776501539\n|teamsize|p1|4\n|teamsize|p2|4\n|start\n|switch|p1a: Aerodactyl|Aerodactyl, L50, F|100/100\n|switch|p1b: Incineroar|Incineroar, L50, F|100/100\n|switch|p2a: Glalie|Glalie, L50, M|100/100\n|switch|p2b: Sneasler|Sneasler, L50, M|100/100\n|-ability|p1a: Aerodactyl|Unnerve\n|-ability|p1b: Incineroar|Intimidate|boost\n|-fail|p2a: Glalie|unboost|Attack|[from] ability: Inner Focus|[of] p2a: Glalie\n|-unboost|p2b: Sneasler|atk|1\n|turn|1\n|inactive|Danie2294 has 30 seconds left.\n|inactive|MishMash106 has 30 seconds left.\n|inactive|Danie2294 has 20 seconds left.\n|inactive|Danie2294 has 15 seconds left.\n|inactive|Danie2294 has 10 seconds left.\n|inactive|Danie2294 has 5 seconds left.\n|\n|t:|1776501591\n|switch|p1b: Farigiraf|Farigiraf, L50, M|100/100\n|detailschange|p2a: Glalie|Glalie-Mega, L50, M\n|-mega|p2a: Glalie|Glalie|Glalitite\n|move|p2b: Sneasler|Fake Out||[still]\n|cant|p1b: Farigiraf|ability: Armor Tail|Fake Out|[of] p2b: Sneasler\n|move|p1a: Aerodactyl|Dual Wingbeat|p2b: Sneasler\n|-supereffective|p2b: Sneasler|1\n|-damage|p2b: Sneasler|39/100\n|-supereffective|p2b: Sneasler|1\n|-damage|p2b: Sneasler|0 fnt\n|faint|p2b: Sneasler\n|-hitcount|p2: Sneasler|2\n|move|p2a: Glalie|Explosion|p1b: Farigiraf|[spread] p1a,p1b\n|-supereffective|p1a: Aerodactyl|1\n|-damage|p1a: Aerodactyl|0 fnt\n|-damage|p1b: Farigiraf|0 fnt\n|faint|p2a: Glalie\n|faint|p1a: Aerodactyl\n|faint|p1b: Farigiraf\n|\n|upkeep\n|\n|t:|1776501609\n|switch|p1a: Tyranitar|Tyranitar, L50, M|100/100\n|switch|p2b: Garchomp|Garchomp, L50, F|100/100\n|switch|p2a: Basculegion|Basculegion, L50, M|100/100\n|switch|p1b: Incineroar|Incineroar, L50, F|100/100\n|-weather|Sandstorm|[from] ability: Sand Stream|[of] p1a: Tyranitar\n|-ability|p1b: Incineroar|Intimidate|boost\n|-unboost|p2a: Basculegion|atk|1\n|-unboost|p2b: Garchomp|atk|1\n|-enditem|p2b: Garchomp|White Herb\n|-clearnegativeboost|p2b: Garchomp|[silent]\n|turn|2\n|inactive|Danie2294 has 30 seconds left.\n|inactive|MishMash106 has 30 seconds left.\n|inactive|MishMash106 has 20 seconds left.\n|inactive|MishMash106 has 15 seconds left.\n|\n|t:|1776501657\n|detailschange|p1a: Tyranitar|Tyranitar-Mega, L50, M\n|-mega|p1a: Tyranitar|Tyranitar|Tyranitarite\n|move|p2b: Garchomp|Protect|p2b: Garchomp\n|-singleturn|p2b: Garchomp|Protect\n|move|p1b: Incineroar|Fake Out|p2b: Garchomp\n|-activate|p2b: Garchomp|move: Protect\n|move|p2a: Basculegion|Wave Crash|p1b: Incineroar\n|-supereffective|p1b: Incineroar|1\n|-damage|p1b: Incineroar|0 fnt\n|faint|p1b: Incineroar\n|-damage|p2a: Basculegion|68/100|[from] Recoil\n|move|p1a: Tyranitar|Knock Off|p2a: Basculegion\n|-supereffective|p2a: Basculegion|1\n|-crit|p2a: Basculegion\n|-damage|p2a: Basculegion|0 fnt\n|-enditem|p2a: Basculegion|Choice Scarf|[from] move: Knock Off|[of] p1a: Tyranitar\n|faint|p2a: Basculegion\n|\n|-weather|Sandstorm|[upkeep]\n|upkeep\n|turn|3\n|inactive|Danie2294 has 30 seconds left.\n|\n|t:|1776501683\n|move|p2b: Garchomp|Earthquake|p1a: Tyranitar\n|-supereffective|p1a: Tyranitar|1\n|-damage|p1a: Tyranitar|20/100\n|move|p1a: Tyranitar|Rock Slide|p2b: Garchomp|[miss]\n|-miss|p1a: Tyranitar|p2b: Garchomp\n|\n|-weather|Sandstorm|[upkeep]\n|upkeep\n|turn|4\n|l|\u2606MishMash106\n|inactive|MishMash106 disconnected and has a minute to reconnect!\n|player|p2|\n|j|\u2606MishMash106\n|inactive|MishMash106 reconnected and has 40 seconds left.\n|player|p2|MishMash106|roxie|\n|\n|t:|1776501704\n|move|p2b: Garchomp|Earthquake|p1a: Tyranitar\n|-supereffective|p1a: Tyranitar|1\n|-damage|p1a: Tyranitar|0 fnt\n|faint|p1a: Tyranitar\n|\n|win|MishMash106\n|raw|Danie2294's rating: 1071 &rarr; <strong>1054</strong><br />(-17 for losing)\n|raw|MishMash106's rating: 1136 &rarr; <strong>1156</strong><br />(+20 for winning)\n|l|\u2606Danie2294\n|player|p1|\n",
  "uploadtime": 1776501714,
  "views": 19,
  "formatid": "gen9championsvgc2026regma",
  "rating": 1054,
  "private": 0,
  "password": null
}