{
  "id": "gen9championsvgc2026regma-2584173694",
  "format": "[Gen 9 Champions] VGC 2026 Reg M-A",
  "players": [
    "Gaby Glytxii",
    "Leximuss"
  ],
  "log": "|j|\u2606Gaby Glytxii\n|j|\u2606Leximuss\n|t:|1776234187\n|gametype|doubles\n|player|p1|Gaby Glytxii|2|1094\n|player|p2|Leximuss|colress|1076\n|gen|9\n|tier|[Gen 9 Champions] VGC 2026 Reg M-A\n|rated|\n|rule|Species Clause: Limit one of each Pok\u00e9mon\n|rule|Item Clause: Limit 1 of each item\n|clearpoke\n|poke|p1|Tyranitar, L50, M|\n|poke|p1|Spiritomb, L50, M|\n|poke|p1|Goodra-Hisui, L50, F|\n|poke|p1|Hippowdon, L50, F|\n|poke|p1|Tsareena, L50, F|\n|poke|p1|Empoleon, L50, F|\n|poke|p2|Sableye, L50, M|\n|poke|p2|Gengar, L50, F|\n|poke|p2|Kommo-o, L50, F|\n|poke|p2|Politoed, L50, F|\n|poke|p2|Rotom-Mow, L50|\n|poke|p2|Incineroar, L50, F|\n|teampreview|4\n|inactive|Battle timer is ON: inactive players will automatically lose when time's up. (requested by Leximuss)\nLeximuss has agreed to open team sheets.\n|c|\u2606Leximuss|glhg\n|c|\u2606Leximuss|*hf\n|inactive|Leximuss has 60 seconds left.\n|\n|t:|1776234227\n|teamsize|p1|4\n|teamsize|p2|4\n|start\n|switch|p1a: Empoleon|Empoleon, L50, F|100/100\n|switch|p1b: Spiritomb|Spiritomb, L50, M|100/100\n|switch|p2a: Kommo-o|Kommo-o, L50, F|100/100\n|switch|p2b: Incineroar|Incineroar, L50, F|100/100\n|-ability|p2b: Incineroar|Intimidate|boost\n|-unboost|p1a: Empoleon|atk|1\n|-ability|p1a: Empoleon|Competitive|boost\n|-boost|p1a: Empoleon|spa|2\n|-unboost|p1b: Spiritomb|atk|1\n|turn|1\n|\n|t:|1776234243\n|switch|p1b: Tsareena|Tsareena, L50, F|100/100\n|move|p2b: Incineroar|Fake Out||[still]\n|cant|p1b: Tsareena|ability: Queenly Majesty|Fake Out|[of] p2b: Incineroar\n|move|p2a: Kommo-o|Clangorous Soul|p2a: Kommo-o\n|-boost|p2a: Kommo-o|atk|1\n|-boost|p2a: Kommo-o|def|1\n|-boost|p2a: Kommo-o|spa|1\n|-boost|p2a: Kommo-o|spd|1\n|-boost|p2a: Kommo-o|spe|1\n|-damage|p2a: Kommo-o|68/100\n|move|p1a: Empoleon|Flash Cannon|p2a: Kommo-o\n|-damage|p2a: Kommo-o|14/100\n|\n|-heal|p2a: Kommo-o|20/100|[from] item: Leftovers\n|upkeep\n|turn|2\n|\n|t:|1776234263\n|move|p1a: Empoleon|Protect|p1a: Empoleon\n|-singleturn|p1a: Empoleon|Protect\n|move|p2a: Kommo-o|Aura Sphere|p1a: Empoleon\n|-activate|p1a: Empoleon|move: Protect\n|move|p1b: Tsareena|High Jump Kick|p2a: Kommo-o\n|-damage|p2a: Kommo-o|0 fnt\n|faint|p2a: Kommo-o\n|move|p2b: Incineroar|Flare Blitz|p1b: Tsareena\n|-supereffective|p1b: Tsareena|1\n|-damage|p1b: Tsareena|6/100\n|-damage|p2b: Incineroar|73/100|[from] Recoil\n|\n|upkeep\n|\n|t:|1776234280\n|switch|p2a: Gengar|Gengar, L50, F|100/100\n|turn|3\n|\n|t:|1776234303\n|detailschange|p2a: Gengar|Gengar-Mega, L50, F\n|-mega|p2a: Gengar|Gengar|Gengarite\n|move|p1b: Tsareena|Protect|p1b: Tsareena\n|-singleturn|p1b: Tsareena|Protect\n|move|p2a: Gengar|Hex|p1a: Empoleon\n|-damage|p1a: Empoleon|64/100\n|move|p2b: Incineroar|Flare Blitz|p1a: Empoleon\n|-damage|p1a: Empoleon|12/100\n|-damage|p2b: Incineroar|56/100|[from] Recoil\n|move|p1a: Empoleon|Hydro Pump|p2a: Gengar\n|-damage|p2a: Gengar|0 fnt\n|faint|p2a: Gengar\n|\n|upkeep\n|\n|t:|1776234316\n|switch|p2a: Politoed|Politoed, L50, F|100/100\n|-weather|RainDance|[from] ability: Drizzle|[of] p2a: Politoed\n|turn|4\n|\n|t:|1776234324\n|move|p2a: Politoed|Icy Wind|p1b: Tsareena|[spread] p1a,p1b\n|-resisted|p1a: Empoleon|2\n|-supereffective|p1b: Tsareena|1\n|-damage|p1a: Empoleon|10/100\n|-damage|p1b: Tsareena|0 fnt\n|-unboost|p1a: Empoleon|spe|1\n|-ability|p1a: Empoleon|Competitive|boost\n|-boost|p1a: Empoleon|spa|2\n|faint|p1b: Tsareena\n|move|p2b: Incineroar|Parting Shot|p1a: Empoleon\n|-unboost|p1a: Empoleon|atk|1\n|-ability|p1a: Empoleon|Competitive|boost\n|-boost|p1a: Empoleon|spa|2\n|-unboost|p1a: Empoleon|spa|1\n|-ability|p1a: Empoleon|Competitive|boost\n|-boost|p1a: Empoleon|spa|1\n|move|p1a: Empoleon|Hydro Pump|p2b: Incineroar\n|-supereffective|p2b: Incineroar|1\n|-crit|p2b: Incineroar\n|-damage|p2b: Incineroar|0 fnt\n|faint|p2b: Incineroar\n|\n|-weather|RainDance|[upkeep]\n|upkeep\n|-message|Leximuss forfeited.\n|\n|win|Gaby Glytxii\n|raw|Gaby Glytxii's rating: 1094 &rarr; <strong>1119</strong><br />(+25 for winning)\n|raw|Leximuss's rating: 1076 &rarr; <strong>1056</strong><br />(-20 for losing)\n|l|\u2606Leximuss\n|player|p2|\n",
  "uploadtime": 1776234346,
  "views": 24,
  "formatid": "gen9championsvgc2026regma",
  "rating": 1056,
  "private": 0,
  "password": null
}