{
  "id": "gen9championsvgc2026regma-2585267269",
  "format": "[Gen 9 Champions] VGC 2026 Reg M-A",
  "players": [
    "lojj",
    "Muddy TTV"
  ],
  "log": "|j|\u2606lojj\n|j|\u2606Muddy TTV\n|t:|1776331866\n|gametype|doubles\n|player|p1|lojj|supernerd|\n|player|p2|Muddy TTV|caitlin|\n|gen|9\n|tier|[Gen 9 Champions] VGC 2026 Reg M-A\n|rule|Species Clause: Limit one of each Pok\u00e9mon\n|rule|Item Clause: Limit 1 of each item\n|clearpoke\n|poke|p1|Scovillain, L50, M|\n|poke|p1|Dragonite, L50, F|\n|poke|p1|Kingambit, L50, F|\n|poke|p1|Primarina, L50, M|\n|poke|p1|Garganacl, L50, M|\n|poke|p1|Sneasler, L50, F|\n|poke|p2|Floette-Eternal, L50, F|\n|poke|p2|Sneasler, L50, M|\n|poke|p2|Aerodactyl, L50, M|\n|poke|p2|Garchomp, L50, F|\n|poke|p2|Rotom-Wash, L50|\n|poke|p2|Incineroar, L50, M|\n|teampreview|4\n|inactive|Battle timer is ON: inactive players will automatically lose when time's up. (requested by Muddy TTV)\nlojj has agreed to open team sheets.\nMuddy TTV has agreed to open team sheets.\n|showteam|p1|Scovillain||Scovillainite|Moody|LeechSeed,RagePowder,Flamethrower,Protect|||M|||50|]Dragonite||WhiteHerb|Multiscale|ScaleShot,StompingTantrum,Protect,ExtremeSpeed|||F|||50|]Kingambit||BlackGlasses|Defiant|KowtowCleave,SuckerPunch,Protect,SwordsDance|||F|||50|]Primarina||Leftovers|LiquidVoice|HyperVoice,CalmMind,Moonblast,Protect|||M|||50|]Garganacl||SitrusBerry|PurifyingSalt|SaltCure,Recover,WideGuard,Protect|||M|||50|]Sneasler||FocusSash|Unburden|Coaching,CloseCombat,DireClaw,FakeOut|||F|||50|\n|showteam|p2|Floette-Eternal||Floettite|FlowerVeil|Moonblast,DazzlingGleam,CalmMind,Protect|||F|||50|]Sneasler||WhiteHerb|Unburden|CloseCombat,DireClaw,Protect,FakeOut|||M|||50|]Aerodactyl||FocusSash|Unnerve|RockSlide,DualWingbeat,Tailwind,Protect|||M|||50|]Garchomp||SoftSand|RoughSkin|Earthquake,DragonClaw,StompingTantrum,Protect|||F|||50|]Rotom-Wash||ChoiceScarf|Levitate|HydroPump,VoltSwitch,Electroweb,WillOWisp||||||50|]Incineroar||SitrusBerry|Intimidate|FlareBlitz,ThroatChop,FakeOut,PartingShot|||M|||50|\n|j| Winguard007\n|j| s!dd_1\n|j| tastyfloop\n|j| Gerryjunior\n|j| IdkWhatImDoing67\n|j| slugma lmao\n|c| Winguard007|ROUND 2\n|j| hesolk\n|l| slugma lmao\n|j| AceeeVGC\n|j| Swapnil50\n|inactive|lojj has 60 seconds left.\n|\n|t:|1776331905\n|teamsize|p1|4\n|teamsize|p2|4\n|start\n|switch|p1a: Scovillain|Scovillain, L50, M|100/100\n|switch|p1b: Sneasler|Sneasler, L50, F|100/100\n|switch|p2a: Sneasler|Sneasler, L50, M|100/100\n|switch|p2b: Floette|Floette-Eternal, L50, F|100/100\n|turn|1\n|c| Winguard007|FIGHT\n|\n|t:|1776331914\n|detailschange|p2b: Floette|Floette-Mega, L50, F\n|-mega|p2b: Floette|Floette|Floettite\n|-ability|p2b: Floette|Fairy Aura\n|detailschange|p1a: Scovillain|Scovillain-Mega, L50, M\n|-mega|p1a: Scovillain|Scovillain|Scovillainite\n|move|p2a: Sneasler|Fake Out|p1b: Sneasler\n|-damage|p1b: Sneasler|77/100\n|cant|p1b: Sneasler|flinch\n|move|p2b: Floette|Calm Mind|p2b: Floette\n|-boost|p2b: Floette|spa|1\n|-boost|p2b: Floette|spd|1\n|move|p1a: Scovillain|Leech Seed|p2a: Sneasler\n|-start|p2a: Sneasler|move: Leech Seed\n|\n|-damage|p2a: Sneasler|88/100|[from] Leech Seed|[of] p1a: Scovillain\n|upkeep\n|turn|2\n|c| Swapnil50|Placing Bets\n|\n|t:|1776331935\n|move|p1a: Scovillain|Rage Powder|p1a: Scovillain\n|-singleturn|p1a: Scovillain|move: Rage Powder\n|move|p2a: Sneasler|Dire Claw|p1a: Scovillain\n|-supereffective|p1a: Scovillain|1\n|-damage|p1a: Scovillain|0 fnt\n|-status|p2a: Sneasler|brn|[from] ability: Spicy Spray|[of] p1a: Scovillain\n|faint|p1a: Scovillain\n|move|p1b: Sneasler|Dire Claw|p2b: Floette\n|-supereffective|p2b: Floette|1\n|-damage|p2b: Floette|13/100\n|move|p2b: Floette|Dazzling Gleam|p1b: Sneasler\n|-crit|p1b: Sneasler\n|-damage|p1b: Sneasler|0 fnt\n|faint|p1b: Sneasler\n|\n|-damage|p2a: Sneasler|82/100 brn|[from] brn\n|upkeep\n|\n|t:|1776331947\n|switch|p1b: Dragonite|Dragonite, L50, F|100/100\n|switch|p1a: Primarina|Primarina, L50, M|100/100\n|turn|3\n|c| Winguard007|well\n|j| elychee267\n|c| s!dd_1|massive crit\n|c|\u2606lojj|the speed tie so riscky\n|c| Winguard007|glad i didn't put any on lojj this round\n|c| Swapnil50|yeah\n|c|\u2606Muddy TTV|no that shit killed 10 fold\n|\n|t:|1776331970\n|move|p2b: Floette|Protect|p2b: Floette\n|-singleturn|p2b: Floette|Protect\n|move|p1a: Primarina|Protect|p1a: Primarina\n|-singleturn|p1a: Primarina|Protect\n|move|p1b: Dragonite|Extreme Speed|p2b: Floette\n|-activate|p2b: Floette|move: Protect\n|move|p2a: Sneasler|Dire Claw|p1b: Dragonite\n|-damage|p1b: Dragonite|90/100\n|\n|-damage|p2a: Sneasler|69/100 brn|[from] Leech Seed|[of] p1a: Primarina\n|-damage|p2a: Sneasler|63/100 brn|[from] brn\n|upkeep\n|turn|4\n|c| s!dd_1|oh +1 whoops\n|inactive|lojj has 30 seconds left.\n|\n|t:|1776331999\n|move|p2a: Sneasler|Dire Claw|p1a: Primarina\n|-supereffective|p1a: Primarina|1\n|-damage|p1a: Primarina|46/100\n|move|p1b: Dragonite|Scale Shot|p2a: Sneasler\n|-damage|p2a: Sneasler|40/100 brn\n|-damage|p2a: Sneasler|15/100 brn\n|-damage|p2a: Sneasler|0 fnt\n|faint|p2a: Sneasler\n|-hitcount|p2: Sneasler|3\n|-unboost|p1b: Dragonite|def|1\n|-boost|p1b: Dragonite|spe|1\n|-enditem|p1b: Dragonite|White Herb\n|-clearnegativeboost|p1b: Dragonite|[silent]\n|move|p2b: Floette|Dazzling Gleam|p1a: Primarina|[spread] p1a,p1b\n|-supereffective|p1b: Dragonite|1\n|-damage|p1a: Primarina|0 fnt\n|-damage|p1b: Dragonite|0 fnt\n|faint|p1a: Primarina\n|faint|p1b: Dragonite\n|\n|win|Muddy TTV\n|j| porygon-epilepz\n|l|\u2606lojj\n|player|p1|\n",
  "uploadtime": 1776332011,
  "views": 20,
  "formatid": "gen9championsvgc2026regma",
  "rating": null,
  "private": 0,
  "password": null
}