{
  "id": "gen9championsvgc2026regma-2582422354",
  "format": "[Gen 9 Champions] VGC 2026 Reg M-A",
  "players": [
    "YoshiChris08",
    "itscamcar"
  ],
  "log": "|j|\u2606YoshiChris08\n|j|\u2606itscamcar\n|t:|1776090659\n|gametype|doubles\n|player|p1|YoshiChris08|unknown|1076\n|player|p2|itscamcar|n|1169\n|gen|9\n|tier|[Gen 9 Champions] VGC 2026 Reg M-A\n|rated|\n|rule|Species Clause: Limit one of each Pok\u00e9mon\n|rule|Item Clause: Limit 1 of each item\n|clearpoke\n|poke|p1|Pelipper, L50, M|\n|poke|p1|Archaludon, L50, F|\n|poke|p1|Basculegion, L50, M|\n|poke|p1|Meganium, L50, F|\n|poke|p1|Sneasler, L50, M|\n|poke|p1|Glimmora, L50, F|\n|poke|p2|Golurk, L50|\n|poke|p2|Farigiraf, L50, F|\n|poke|p2|Torkoal, L50, M|\n|poke|p2|Venusaur, L50, M|\n|poke|p2|Kingambit, L50, F|\n|poke|p2|Sneasler, L50, M|\n|teampreview|4\n|inactive|Battle timer is ON: inactive players will automatically lose when time's up. (requested by YoshiChris08)\n|inactive|itscamcar has 60 seconds left.\n|\n|t:|1776090699\n|teamsize|p1|4\n|teamsize|p2|4\n|start\n|switch|p1a: Sneasler|Sneasler, L50, M, shiny|100/100\n|switch|p1b: Basculegion|Basculegion, L50, M, shiny|100/100\n|switch|p2a: Farigiraf|Farigiraf, L50, F, shiny|100/100\n|switch|p2b: Sneasler|Sneasler, L50, M|100/100\n|turn|1\n|inactive|YoshiChris08 has 30 seconds left.\n|inactive|itscamcar has 30 seconds left.\n|\n|t:|1776090733\n|move|p1b: Basculegion|Protect|p1b: Basculegion\n|-singleturn|p1b: Basculegion|Protect\n|move|p1a: Sneasler|U-turn|p2a: Farigiraf\n|-supereffective|p2a: Farigiraf|1\n|-damage|p2a: Farigiraf|59/100\n|\n|t:|1776090742\n|switch|p1a: Archaludon|Archaludon, L50, F, shiny|100/100|[from] U-turn\n|move|p2b: Sneasler|Dire Claw|p1b: Basculegion\n|-activate|p1b: Basculegion|move: Protect\n|move|p2a: Farigiraf|Trick Room|p2a: Farigiraf\n|-fieldstart|move: Trick Room|[of] p2a: Farigiraf\n|\n|upkeep\n|turn|2\n|inactive|YoshiChris08 has 30 seconds left.\n|inactive|itscamcar has 30 seconds left.\n|inactive|YoshiChris08 has 20 seconds left.\n|inactive|itscamcar has 20 seconds left.\n|inactive|YoshiChris08 has 15 seconds left.\n|inactive|YoshiChris08 has 10 seconds left.\n|inactive|YoshiChris08 has 5 seconds left.\n|\n|t:|1776090794\n|switch|p2b: Torkoal|Torkoal, L50, M|100/100\n|-weather|SunnyDay|[from] ability: Drought|[of] p2b: Torkoal\n|move|p2a: Farigiraf|Psychic|p1b: Basculegion\n|-damage|p1b: Basculegion|64/100\n|move|p1b: Basculegion|Flip Turn|p2b: Torkoal\n|-supereffective|p2b: Torkoal|1\n|-damage|p2b: Torkoal|73/100\n|\n|t:|1776090803\n|switch|p1b: Pelipper|Pelipper, L50, M|100/100|[from] Flip Turn\n|-weather|RainDance|[from] ability: Drizzle|[of] p1b: Pelipper\n|move|p1a: Archaludon|Draco Meteor|p2b: Torkoal\n|-damage|p2b: Torkoal|0 fnt\n|-unboost|p1a: Archaludon|spa|2\n|faint|p2b: Torkoal\n|\n|-weather|RainDance|[upkeep]\n|upkeep\n|\n|t:|1776090818\n|switch|p2b: Sneasler|Sneasler, L50, M|100/100\n|turn|3\n|-message|itscamcar forfeited.\n|\n|win|YoshiChris08\n|raw|YoshiChris08's rating: 1076 &rarr; <strong>1112</strong><br />(+36 for winning)\n|raw|itscamcar's rating: 1169 &rarr; <strong>1137</strong><br />(-32 for losing)\n|l|\u2606itscamcar\n|player|p2|\n",
  "uploadtime": 1776090837,
  "views": 25,
  "formatid": "gen9championsvgc2026regma",
  "rating": 1112,
  "private": 0,
  "password": null
}