{
  "id": "gen9championsvgc2026regma-2581847652",
  "format": "[Gen 9 Champions] VGC 2026 Reg M-A",
  "players": [
    "NaiveDragon3000",
    "sloth_FS"
  ],
  "log": "|j|\u2606NaiveDragon3000\n|j|\u2606sloth_FS\n|t:|1776033363\n|gametype|doubles\n|player|p1|NaiveDragon3000|169|1052\n|player|p2|sloth_FS|101|1064\n|gen|9\n|tier|[Gen 9 Champions] VGC 2026 Reg M-A\n|rated|\n|rule|Species Clause: Limit one of each Pok\u00e9mon\n|rule|Item Clause: Limit 1 of each item\n|clearpoke\n|poke|p1|Aggron, L50, M|\n|poke|p1|Tyranitar, L50, F|\n|poke|p1|Sinistcha, L50|\n|poke|p1|Greninja-*, L50, M|\n|poke|p1|Incineroar, L50, F|\n|poke|p1|Excadrill, L50, M|\n|poke|p2|Gengar, L50, F|\n|poke|p2|Incineroar, L50, F|\n|poke|p2|Sneasler, L50, F|\n|poke|p2|Kingambit, L50, F|\n|poke|p2|Dragapult, L50, M|\n|poke|p2|Whimsicott, L50, F|\n|teampreview|4\n|\n|t:|1776033403\n|teamsize|p1|4\n|teamsize|p2|4\n|start\n|switch|p1a: Aggron|Aggron, L50, M, shiny|100/100\n|switch|p1b: Incineroar|Incineroar, L50, F|100/100\n|switch|p2a: Gengar|Gengar, L50, F|100/100\n|switch|p2b: Incineroar|Incineroar, L50, F|100/100\n|-ability|p1b: Incineroar|Intimidate|boost\n|-unboost|p2a: Gengar|atk|1\n|-unboost|p2b: Incineroar|atk|1\n|-ability|p2b: Incineroar|Intimidate|boost\n|-unboost|p1a: Aggron|atk|1\n|-unboost|p1b: Incineroar|atk|1\n|turn|1\n|\n|t:|1776033446\n|detailschange|p2a: Gengar|Gengar-Mega, L50, F\n|-mega|p2a: Gengar|Gengar|Gengarite\n|detailschange|p1a: Aggron|Aggron-Mega, L50, M, shiny\n|-mega|p1a: Aggron|Aggron|Aggronite\n|move|p2b: Incineroar|Fake Out|p1a: Aggron\n|-resisted|p1a: Aggron|1\n|-damage|p1a: Aggron|99/100\n|move|p2a: Gengar|Perish Song|p2a: Gengar\n|-start|p1a: Aggron|perish3|[silent]\n|-start|p1b: Incineroar|perish3|[silent]\n|-start|p2a: Gengar|perish3|[silent]\n|-start|p2b: Incineroar|perish3|[silent]\n|-fieldactivate|move: Perish Song\n|move|p1b: Incineroar|Snarl|p2a: Gengar|[spread] p2b\n|-miss|p1b: Incineroar|p2a: Gengar\n|-resisted|p2b: Incineroar|1\n|-damage|p2b: Incineroar|96/100\n|-unboost|p2b: Incineroar|spa|1\n|cant|p1a: Aggron|flinch\n|\n|-start|p2a: Gengar|perish3\n|-start|p1b: Incineroar|perish3\n|-start|p2b: Incineroar|perish3\n|-start|p1a: Aggron|perish3\n|upkeep\n|turn|2\n|\n|t:|1776033476\n|move|p2a: Gengar|Protect|p2a: Gengar\n|-singleturn|p2a: Gengar|Protect\n|move|p1b: Incineroar|Snarl|p2a: Gengar|[spread] p2b\n|-activate|p2a: Gengar|move: Protect\n|-resisted|p2b: Incineroar|1\n|-damage|p2b: Incineroar|92/100\n|-unboost|p2b: Incineroar|spa|1\n|move|p2b: Incineroar|Parting Shot|p1a: Aggron\n|-unboost|p1a: Aggron|atk|1\n|-unboost|p1a: Aggron|spa|1\n|\n|t:|1776033486\n|switch|p2b: Kingambit|Kingambit, L50, F|100/100|[from] Parting Shot\n|move|p1a: Aggron|Heavy Slam|p2a: Gengar\n|-activate|p2a: Gengar|move: Protect\n|\n|-start|p2a: Gengar|perish2\n|-start|p1b: Incineroar|perish2\n|-start|p1a: Aggron|perish2\n|upkeep\n|turn|3\n|n|!NaiveDragon3000|naivedragon3000\n|\n|t:|1776033511\n|move|p2b: Kingambit|Protect|p2b: Kingambit\n|-singleturn|p2b: Kingambit|Protect\n|move|p2a: Gengar|Shadow Ball|p1a: Aggron\n|-damage|p1a: Aggron|52/100\n|move|p1b: Incineroar|Snarl|p2a: Gengar|[spread] p2a\n|-activate|p2b: Kingambit|move: Protect\n|-supereffective|p2a: Gengar|1\n|-damage|p2a: Gengar|72/100\n|-unboost|p2a: Gengar|spa|1\n|move|p1a: Aggron|Body Press|p2b: Kingambit\n|-activate|p2b: Kingambit|move: Protect\n|\n|-start|p2a: Gengar|perish1\n|-start|p1b: Incineroar|perish1\n|-start|p1a: Aggron|perish1\n|upkeep\n|turn|4\n|-message|NaiveDragon3000 forfeited.\n|\n|win|sloth_FS\n",
  "uploadtime": 1776033488,
  "views": 9,
  "formatid": "gen9championsvgc2026regma",
  "rating": null,
  "private": 0,
  "password": null
}