{
  "id": "gen9championsvgc2026regma-2584863167",
  "format": "[Gen 9 Champions] VGC 2026 Reg M-A",
  "players": [
    "jack zelong",
    "Krupp99"
  ],
  "log": "|j|\u2606jack zelong\n|j|\u2606Krupp99\n|t:|1776289621\n|gametype|doubles\n|player|p1|jack zelong|chili|1199\n|player|p2|Krupp99|roark|1154\n|gen|9\n|tier|[Gen 9 Champions] VGC 2026 Reg M-A\n|rated|\n|rule|Species Clause: Limit one of each Pok\u00e9mon\n|rule|Item Clause: Limit 1 of each item\n|clearpoke\n|poke|p1|Crabominable, L50, F|\n|poke|p1|Aromatisse, L50, M|\n|poke|p1|Kingambit, L50, M|\n|poke|p1|Conkeldurr, L50, M|\n|poke|p1|Farigiraf, L50, M|\n|poke|p1|Aegislash, L50, F|\n|poke|p2|Delphox, L50, M|\n|poke|p2|Garchomp, L50, M|\n|poke|p2|Sneasler, L50, M|\n|poke|p2|Floette-Eternal, L50, F|\n|poke|p2|Basculegion, L50, M|\n|poke|p2|Whimsicott, L50, F|\n|teampreview|4\n|inactive|Battle timer is ON: inactive players will automatically lose when time's up. (requested by Krupp99)\nKrupp99 rejected open team sheets.\n|inactive|jack zelong has 60 seconds left.\n|\n|t:|1776289662\n|teamsize|p1|4\n|teamsize|p2|4\n|start\n|switch|p1a: Farigiraf|Farigiraf, L50, M|100/100\n|switch|p1b: Crabominable|Crabominable, L50, F|100/100\n|switch|p2a: Floette|Floette-Eternal, L50, F|100/100\n|switch|p2b: Sneasler|Sneasler, L50, M|100/100\n|turn|1\n|inactive|jack zelong has 30 seconds left.\n|inactive|jack zelong has 20 seconds left.\n|inactive|jack zelong has 15 seconds left.\n|\n|t:|1776289704\n|detailschange|p2a: Floette|Floette-Mega, L50, F\n|-mega|p2a: Floette|Floette|Floettite\n|-ability|p2a: Floette|Fairy Aura\n|detailschange|p1b: Crabominable|Crabominable-Mega, L50, F\n|-mega|p1b: Crabominable|Crabominable|Crabominite\n|move|p1a: Farigiraf|Protect|p1a: Farigiraf\n|-singleturn|p1a: Farigiraf|Protect\n|move|p1b: Crabominable|Protect|p1b: Crabominable\n|-singleturn|p1b: Crabominable|Protect\n|move|p2b: Sneasler|Dire Claw|p1a: Farigiraf\n|-activate|p1a: Farigiraf|move: Protect\n|move|p2a: Floette|Moonblast|p1b: Crabominable\n|-activate|p1b: Crabominable|move: Protect\n|\n|upkeep\n|turn|2\n|\n|t:|1776289719\n|switch|p1b: Aegislash|Aegislash, L50, F|100/100\n|move|p2b: Sneasler|Dire Claw|p1b: Aegislash\n|-immune|p1b: Aegislash\n|move|p2a: Floette|Dazzling Gleam|p1b: Aegislash|[spread] p1a,p1b\n|-resisted|p1b: Aegislash|1\n|-damage|p1a: Farigiraf|55/100\n|-damage|p1b: Aegislash|83/100\n|move|p1a: Farigiraf|Trick Room|p1a: Farigiraf\n|-fieldstart|move: Trick Room|[of] p1a: Farigiraf\n|\n|upkeep\n|turn|3\n|inactive|jack zelong has 30 seconds left.\n|\n|t:|1776289746\n|switch|p2a: Garchomp|Garchomp, L50, M|100/100\n|move|p1a: Farigiraf|Hyper Voice|p2a: Garchomp|[spread] p2a,p2b\n|-damage|p2a: Garchomp|75/100\n|-damage|p2b: Sneasler|68/100\n|-formechange|p1b: Aegislash|Aegislash-Blade|\n|move|p1b: Aegislash|Shadow Ball|p2b: Sneasler\n|-damage|p2b: Sneasler|0 fnt\n|faint|p2b: Sneasler\n|\n|upkeep\n|\n|t:|1776289759\n|switch|p2b: Basculegion|Basculegion, L50, M|100/100\n|turn|4\n|\n|t:|1776289769\n|move|p1b: Aegislash|Shadow Ball|p2b: Basculegion\n|-supereffective|p2b: Basculegion|1\n|-damage|p2b: Basculegion|0 fnt\n|faint|p2b: Basculegion\n|move|p1a: Farigiraf|Hyper Voice|p2a: Garchomp\n|-damage|p2a: Garchomp|39/100\n|move|p2a: Garchomp|Dragon Claw|p1a: Farigiraf\n|-damage|p1a: Farigiraf|22/100\n|\n|upkeep\n|-message|Krupp99 forfeited.\n|\n|win|jack zelong\n|raw|jack zelong's rating: 1199 &rarr; <strong>1221</strong><br />(+22 for winning)\n|raw|Krupp99's rating: 1154 &rarr; <strong>1132</strong><br />(-22 for losing)\n|l|\u2606Krupp99\n|player|p2|\n",
  "uploadtime": 1776289828,
  "views": 21,
  "formatid": "gen9championsvgc2026regma",
  "rating": 1132,
  "private": 0,
  "password": null
}