{
  "id": "gen9championsvgc2026regma-2585378265",
  "format": "[Gen 9 Champions] VGC 2026 Reg M-A",
  "players": [
    "4bied",
    "24Smguld"
  ],
  "log": "|j|\u26064bied\n|j|\u260624Smguld\n|t:|1776342759\n|gametype|doubles\n|player|p1|4bied|giovanni|1202\n|player|p2|24Smguld|265|1187\n|gen|9\n|tier|[Gen 9 Champions] VGC 2026 Reg M-A\n|rated|\n|rule|Species Clause: Limit one of each Pok\u00e9mon\n|rule|Item Clause: Limit 1 of each item\n|clearpoke\n|poke|p1|Gengar, L50, F|\n|poke|p1|Incineroar, L50, F|\n|poke|p1|Kingambit, L50, F|\n|poke|p1|Sinistcha, L50|\n|poke|p1|Kommo-o, L50, M|\n|poke|p1|Tyranitar, L50, M|\n|poke|p2|Meganium, L50, F|\n|poke|p2|Tyranitar, L50, M|\n|poke|p2|Aerodactyl, L50, M|\n|poke|p2|Aegislash, L50, F|\n|poke|p2|Milotic, L50, M|\n|poke|p2|Sneasler, L50, M|\n|teampreview|4\n|\n|t:|1776342792\n|teamsize|p1|4\n|teamsize|p2|4\n|start\n|switch|p1a: Gengar|Gengar, L50, F|100/100\n|switch|p1b: Incineroar|Incineroar, L50, F|100/100\n|switch|p2a: Milotic|Milotic, L50, M|100/100\n|switch|p2b: Sneasler|Sneasler, L50, M|100/100\n|-ability|p1b: Incineroar|Intimidate|boost\n|-unboost|p2a: Milotic|atk|1\n|-ability|p2a: Milotic|Competitive|boost\n|-boost|p2a: Milotic|spa|2\n|-unboost|p2b: Sneasler|atk|1\n|turn|1\n|\n|t:|1776342810\n|switch|p1b: Sinistcha|Sinistcha, L50|100/100\n|detailschange|p1a: Gengar|Gengar-Mega, L50, F\n|-mega|p1a: Gengar|Gengar|Gengarite\n|move|p2b: Sneasler|Fake Out|p1b: Sinistcha\n|-immune|p1b: Sinistcha\n|move|p1a: Gengar|Perish Song|p1a: Gengar\n|-start|p1a: Gengar|perish3|[silent]\n|-start|p1b: Sinistcha|perish3|[silent]\n|-start|p2a: Milotic|perish3|[silent]\n|-start|p2b: Sneasler|perish3|[silent]\n|-fieldactivate|move: Perish Song\n|move|p2a: Milotic|Scald|p1b: Sinistcha\n|-resisted|p1b: Sinistcha|1\n|-damage|p1b: Sinistcha|69/100\n|\n|-start|p1a: Gengar|perish3\n|-start|p2b: Sneasler|perish3\n|-start|p2a: Milotic|perish3\n|-start|p1b: Sinistcha|perish3\n|upkeep\n|turn|2\n|\n|t:|1776342844\n|switch|p1b: Incineroar|Incineroar, L50, F|100/100\n|-ability|p1b: Incineroar|Intimidate|boost\n|-unboost|p2a: Milotic|atk|1\n|-ability|p2a: Milotic|Competitive|boost\n|-boost|p2a: Milotic|spa|2\n|-unboost|p2b: Sneasler|atk|1\n|move|p1a: Gengar|Protect|p1a: Gengar\n|-singleturn|p1a: Gengar|Protect\n|move|p2b: Sneasler|Dire Claw|p1b: Incineroar\n|-damage|p1b: Incineroar|80/100\n|-status|p1b: Incineroar|par\n|move|p2a: Milotic|Icy Wind|p1a: Gengar|[spread] p1b\n|-activate|p1a: Gengar|move: Protect\n|-resisted|p1b: Incineroar|1\n|-damage|p1b: Incineroar|68/100 par\n|-unboost|p1b: Incineroar|spe|1\n|\n|-start|p1a: Gengar|perish2\n|-start|p2b: Sneasler|perish2\n|-start|p2a: Milotic|perish2\n|upkeep\n|turn|3\n|\n|t:|1776342873\n|switch|p1a: Sinistcha|Sinistcha, L50|69/100\n|-heal|p1b: Incineroar|93/100 par|[from] ability: Hospitality|[of] p1a: Sinistcha\n|move|p2b: Sneasler|Protect|p2b: Sneasler\n|-singleturn|p2b: Sneasler|Protect\n|move|p2a: Milotic|Protect|p2a: Milotic\n|-singleturn|p2a: Milotic|Protect\n|move|p1b: Incineroar|Parting Shot|p1a: Sinistcha\n|-unboost|p1a: Sinistcha|atk|1\n|-unboost|p1a: Sinistcha|spa|1\n|\n|t:|1776342885\n|switch|p1b: Gengar|Gengar-Mega, L50, F|100/100|[from] Parting Shot\n|\n|-start|p2b: Sneasler|perish1\n|-start|p2a: Milotic|perish1\n|upkeep\n|turn|4\n|inactive|Battle timer is ON: inactive players will automatically lose when time's up. (requested by 4bied)\n|\n|t:|1776342905\n|move|p1b: Gengar|Protect|p1b: Gengar\n|-singleturn|p1b: Gengar|Protect\n|move|p1a: Sinistcha|Protect|p1a: Sinistcha\n|-singleturn|p1a: Sinistcha|Protect\n|move|p2b: Sneasler|Dire Claw|p1a: Sinistcha\n|-activate|p1a: Sinistcha|move: Protect\n|move|p2a: Milotic|Icy Wind|p1b: Gengar|[spread] \n|-activate|p1a: Sinistcha|move: Protect\n|-activate|p1b: Gengar|move: Protect\n|\n|-start|p2b: Sneasler|perish0\n|-start|p2a: Milotic|perish0\n|faint|p2b: Sneasler\n|faint|p2a: Milotic\n|upkeep\n|-message|24Smguld forfeited.\n|\n|win|4bied\n|raw|4bied's rating: 1202 &rarr; <strong>1226</strong><br />(+24 for winning)\n|raw|24Smguld's rating: 1187 &rarr; <strong>1163</strong><br />(-24 for losing)\n|l|\u260624Smguld\n|player|p2|\n",
  "uploadtime": 1776342922,
  "views": 24,
  "formatid": "gen9championsvgc2026regma",
  "rating": 1163,
  "private": 0,
  "password": null
}