{
  "id": "gen9championsvgc2026regma-2588573546",
  "format": "[Gen 9 Champions] VGC 2026 Reg M-A",
  "players": [
    "BlacklightTanuki",
    "Sarrow5"
  ],
  "log": "|j|\u2606BlacklightTanuki\n|j|\u2606Sarrow5\n|t:|1776646318\n|gametype|doubles\n|player|p1|BlacklightTanuki|boarder|1041\n|player|p2|Sarrow5|ghetsis|1051\n|gen|9\n|tier|[Gen 9 Champions] VGC 2026 Reg M-A\n|rated|\n|rule|Species Clause: Limit one of each Pok\u00e9mon\n|rule|Item Clause: Limit 1 of each item\n|clearpoke\n|poke|p1|Froslass, L50, F|\n|poke|p1|Sinistcha-Masterpiece, L50|\n|poke|p1|Garchomp, L50, F|\n|poke|p1|Talonflame, L50, F, shiny|\n|poke|p1|Rotom-Frost, L50, shiny|\n|poke|p1|Orthworm, L50, F|\n|poke|p2|Charizard, L50, F, shiny|\n|poke|p2|Venusaur, L50, F, shiny|\n|poke|p2|Rotom-Wash, L50, shiny|\n|poke|p2|Garchomp, L50, F, shiny|\n|poke|p2|Aerodactyl, L50, F|\n|poke|p2|Aegislash, L50, M, shiny|\n|teampreview|4\n|inactive|Battle timer is ON: inactive players will automatically lose when time's up. (requested by Sarrow5)\n|\n|t:|1776646343\n|teamsize|p1|4\n|teamsize|p2|4\n|start\n|switch|p1a: Orthworm|Orthworm, L50, F|100/100\n|switch|p1b: Talonflame|Talonflame, L50, F, shiny|100/100\n|switch|p2a: Charizard|Charizard, L50, F, shiny|100/100\n|switch|p2b: Aerodactyl|Aerodactyl, L50, F|100/100\n|-ability|p2b: Aerodactyl|Unnerve\n|turn|1\n|\n|t:|1776646360\n|detailschange|p2a: Charizard|Charizard-Mega-Y, L50, F, shiny\n|-mega|p2a: Charizard|Charizard|Charizardite Y\n|-weather|SunnyDay|[from] ability: Drought|[of] p2a: Charizard\n|move|p1b: Talonflame|Tailwind|p1b: Talonflame\n|-sidestart|p1: BlacklightTanuki|move: Tailwind\n|move|p2b: Aerodactyl|Tailwind|p2b: Aerodactyl\n|-sidestart|p2: Sarrow5|move: Tailwind\n|move|p2a: Charizard|Heat Wave|p1a: Orthworm|[spread] p1a,p1b\n|-supereffective|p1a: Orthworm|1\n|-crit|p1a: Orthworm\n|-resisted|p1b: Talonflame|1\n|-damage|p1a: Orthworm|0 fnt\n|-damage|p1b: Talonflame|51/100\n|faint|p1a: Orthworm\n|\n|-weather|SunnyDay|[upkeep]\n|upkeep\n|\n|t:|1776646376\n|switch|p1a: Froslass|Froslass, L50, F|100/100\n|turn|2\n|\n|t:|1776646390\n|switch|p2a: Garchomp|Garchomp, L50, F, shiny|100/100\n|detailschange|p1a: Froslass|Froslass-Mega, L50, F\n|-mega|p1a: Froslass|Froslass|Froslassite\n|-weather|Snowscape|[from] ability: Snow Warning|[of] p1a: Froslass\n|move|p1a: Froslass|Aurora Veil|p1a: Froslass\n|-sidestart|p1: BlacklightTanuki|move: Aurora Veil\n|move|p2b: Aerodactyl|Rock Slide|p1a: Froslass|[spread] p1a,p1b\n|-supereffective|p1a: Froslass|1\n|-supereffective|p1b: Talonflame|2\n|-damage|p1a: Froslass|71/100\n|-damage|p1b: Talonflame|0 fnt\n|faint|p1b: Talonflame\n|\n|-weather|Snowscape|[upkeep]\n|upkeep\n|\n|t:|1776646405\n|switch|p1b: Rotom|Rotom-Frost, L50, shiny|100/100\n|turn|3\n|\n|t:|1776646416\n|switch|p2a: Charizard|Charizard-Mega-Y, L50, F, shiny|100/100\n|-weather|SunnyDay|[from] ability: Drought|[of] p2a: Charizard\n|move|p1a: Froslass|Draining Kiss|p2a: Charizard\n|-resisted|p2a: Charizard|1\n|-damage|p2a: Charizard|91/100\n|-heal|p1a: Froslass|78/100|[from] drain|[of] p2a: Charizard\n|move|p2b: Aerodactyl|Rock Slide|p1a: Froslass|[spread] p1a,p1b\n|-supereffective|p1a: Froslass|1\n|-crit|p1a: Froslass\n|-supereffective|p1b: Rotom|1\n|-damage|p1a: Froslass|0 fnt\n|-damage|p1b: Rotom|62/100\n|faint|p1a: Froslass\n|move|p1b: Rotom|Blizzard|p2b: Aerodactyl|[spread] p2b\n|-miss|p1b: Rotom|p2a: Charizard\n|-supereffective|p2b: Aerodactyl|1\n|-damage|p2b: Aerodactyl|16/100\n|\n|-weather|SunnyDay|[upkeep]\n|upkeep\n|turn|4\n|-message|BlacklightTanuki forfeited.\n|\n|win|Sarrow5\n|raw|BlacklightTanuki's rating: 1041 &rarr; <strong>1025</strong><br />(-16 for losing)\n|raw|Sarrow5's rating: 1051 &rarr; <strong>1082</strong><br />(+31 for winning)\n|l|\u2606BlacklightTanuki\n|player|p1|\n",
  "uploadtime": 1776646437,
  "views": 5,
  "formatid": "gen9championsvgc2026regma",
  "rating": 1025,
  "private": 0,
  "password": null
}