{
  "id": "gen9championsvgc2026regma-2585300255",
  "format": "[Gen 9 Champions] VGC 2026 Reg M-A",
  "players": [
    "xfthzfth",
    "storm93ita"
  ],
  "log": "|j|\u2606xfthzfth\n|j|\u2606storm93ita\n|t:|1776335397\n|gametype|doubles\n|player|p1|xfthzfth|266|1015\n|player|p2|storm93ita|volkner|1071\n|gen|9\n|tier|[Gen 9 Champions] VGC 2026 Reg M-A\n|rated|\n|rule|Species Clause: Limit one of each Pok\u00e9mon\n|rule|Item Clause: Limit 1 of each item\n|clearpoke\n|poke|p1|Sableye, L50, M|\n|poke|p1|Feraligatr, L50, F|\n|poke|p1|Incineroar, L50, M|\n|poke|p1|Maushold, L50|\n|poke|p1|Sinistcha-Masterpiece, L50|\n|poke|p1|Aggron, L50, M|\n|poke|p2|Dragonite, L50, F|\n|poke|p2|Basculegion, L50, M|\n|poke|p2|Archaludon, L50, F|\n|poke|p2|Meganium, L50, F|\n|poke|p2|Sneasler, L50, M|\n|poke|p2|Pelipper, L50, F|\n|teampreview|4\n|inactive|Battle timer is ON: inactive players will automatically lose when time's up. (requested by xfthzfth)\n|inactive|storm93ita also wants the timer to be on.\n|inactive|storm93ita has 60 seconds left.\nxfthzfth rejected open team sheets.\n|\n|t:|1776335445\n|teamsize|p1|4\n|teamsize|p2|4\n|start\n|switch|p1a: Incineroar|Incineroar, L50, M|100/100\n|switch|p1b: Sableye|Sableye, L50, M|100/100\n|switch|p2a: Pelipper|Pelipper, L50, F|100/100\n|switch|p2b: Meganium|Meganium, L50, F|100/100\n|-weather|RainDance|[from] ability: Drizzle|[of] p2a: Pelipper\n|-ability|p1a: Incineroar|Intimidate|boost\n|-unboost|p2a: Pelipper|atk|1\n|-unboost|p2b: Meganium|atk|1\n|turn|1\n|\n|t:|1776335469\n|move|p1b: Sableye|Detect|p1b: Sableye\n|-singleturn|p1b: Sableye|Protect\n|move|p2b: Meganium|Protect|p2b: Meganium\n|-singleturn|p2b: Meganium|Protect\n|move|p2a: Pelipper|Protect|p2a: Pelipper\n|-singleturn|p2a: Pelipper|Protect\n|move|p1a: Incineroar|Fake Out|p2a: Pelipper\n|-activate|p2a: Pelipper|move: Protect\n|\n|-weather|RainDance|[upkeep]\n|upkeep\n|turn|2\n|inactive|storm93ita has 30 seconds left.\n|\n|t:|1776335500\n|switch|p1a: Feraligatr|Feraligatr, L50, F|100/100\n|move|p1b: Sableye|Will-O-Wisp|p1a: Feraligatr\n|-status|p1a: Feraligatr|brn\n|move|p2b: Meganium|Weather Ball|p1a: Feraligatr\n|-resisted|p1a: Feraligatr|1\n|-damage|p1a: Feraligatr|78/100 brn\n|move|p2a: Pelipper|Tailwind|p2a: Pelipper\n|-sidestart|p2: storm93ita|move: Tailwind\n|\n|-weather|RainDance|[upkeep]\n|-damage|p1a: Feraligatr|71/100 brn|[from] brn\n|upkeep\n|turn|3\n|l|\u2606xfthzfth\n|inactive|xfthzfth disconnected and has a minute to reconnect!\n|player|p1|\n|inactive|xfthzfth has 30 seconds left.\n|inactive|storm93ita has 30 seconds left.\n|inactive|xfthzfth has 20 seconds left.\n|inactive|xfthzfth has 15 seconds left.\n|inactive|xfthzfth has 10 seconds left.\n|inactive|xfthzfth has 5 seconds left.\n|-message|xfthzfth lost due to inactivity.\n|\n|win|storm93ita\n|raw|xfthzfth's rating: 1015 &rarr; <strong>1005</strong><br />(-10 for losing)\n|raw|storm93ita's rating: 1071 &rarr; <strong>1096</strong><br />(+25 for winning)\n",
  "uploadtime": 1776335559,
  "views": 19,
  "formatid": "gen9championsvgc2026regma",
  "rating": 1005,
  "private": 0,
  "password": null
}