{
  "id": "gen9championsvgc2026regma-2584109650",
  "format": "[Gen 9 Champions] VGC 2026 Reg M-A",
  "players": [
    "carmine enjoyer",
    "Polaris711"
  ],
  "log": "|j|\u2606carmine enjoyer\n|j|\u2606Polaris711\n|t:|1776226165\n|gametype|doubles\n|player|p1|carmine enjoyer|bellelba|1156\n|player|p2|Polaris711|backpacker|1254\n|gen|9\n|tier|[Gen 9 Champions] VGC 2026 Reg M-A\n|rated|\n|rule|Species Clause: Limit one of each Pok\u00e9mon\n|rule|Item Clause: Limit 1 of each item\n|clearpoke\n|poke|p1|Meganium, L50, M|\n|poke|p1|Aerodactyl, L50, F|\n|poke|p1|Tauros-Paldea-Aqua, L50, M|\n|poke|p1|Archaludon, L50, F|\n|poke|p1|Typhlosion-Hisui, L50, F|\n|poke|p1|Kangaskhan, L50, F|\n|poke|p2|Dragonite, L50, F|\n|poke|p2|Pelipper, L50, M|\n|poke|p2|Clefable, L50, F|\n|poke|p2|Incineroar, L50, F|\n|poke|p2|Archaludon, L50, F|\n|poke|p2|Palafin, L50, M|\n|teampreview|4\n|inactive|Battle timer is ON: inactive players will automatically lose when time's up. (requested by Polaris711)\n|inactive|carmine enjoyer has 60 seconds left.\n|c|\u2606Polaris711|ive seen that team before...\n|\n|t:|1776226204\n|teamsize|p1|4\n|teamsize|p2|4\n|start\n|switch|p1a: Aerodactyl|Aerodactyl, L50, F|100/100\n|switch|p1b: Tauros|Tauros-Paldea-Aqua, L50, M|100/100\n|switch|p2a: Archaludon|Archaludon, L50, F|100/100\n|switch|p2b: Palafin|Palafin, L50, M|100/100\n|-ability|p1b: Tauros|Intimidate|boost\n|-unboost|p2a: Archaludon|atk|1\n|-unboost|p2b: Palafin|atk|1\n|turn|1\n|\n|t:|1776226224\n|detailschange|p2b: Palafin|Palafin-Hero, L50, M\n|switch|p2b: Pelipper|Pelipper, L50, M|100/100\n|-weather|RainDance|[from] ability: Drizzle|[of] p2b: Pelipper\n|move|p1a: Aerodactyl|Tailwind|p1a: Aerodactyl\n|-sidestart|p1: carmine enjoyer|move: Tailwind\n|move|p1b: Tauros|Close Combat|p2b: Pelipper\n|-resisted|p2b: Pelipper|1\n|-damage|p2b: Pelipper|73/100\n|-unboost|p1b: Tauros|def|1\n|-unboost|p1b: Tauros|spd|1\n|-enditem|p1b: Tauros|White Herb\n|-clearnegativeboost|p1b: Tauros|[silent]\n|move|p2a: Archaludon|Electro Shot||[still]\n|-prepare|p2a: Archaludon|Electro Shot\n|-boost|p2a: Archaludon|spa|1\n|-anim|p2a: Archaludon|Electro Shot|p1b: Tauros\n|-supereffective|p1b: Tauros|1\n|-damage|p1b: Tauros|0 fnt\n|faint|p1b: Tauros\n|\n|-weather|RainDance|[upkeep]\n|upkeep\n|\n|t:|1776226229\n|switch|p1b: Meganium|Meganium, L50, M|100/100\n|turn|2\n|\n|t:|1776226250\n|detailschange|p1b: Meganium|Meganium-Mega, L50, M\n|-mega|p1b: Meganium|Meganium|Meganiumite\n|move|p1a: Aerodactyl|Rock Slide|p2a: Archaludon|[spread] p2b\n|-miss|p1a: Aerodactyl|p2a: Archaludon\n|-supereffective|p2b: Pelipper|1\n|-damage|p2b: Pelipper|19/100\n|move|p1b: Meganium|Weather Ball|p2a: Archaludon\n|-damage|p2a: Archaludon|14/100\n|move|p2a: Archaludon|Steel Beam|p1b: Meganium\n|-supereffective|p1b: Meganium|1\n|-damage|p1b: Meganium|0 fnt\n|-damage|p2a: Archaludon|0 fnt|[from] steelbeam\n|faint|p2a: Archaludon\n|faint|p1b: Meganium\n|move|p2b: Pelipper|Hydro Pump|p1a: Aerodactyl|[miss]\n|-miss|p2b: Pelipper|p1a: Aerodactyl\n|\n|-weather|RainDance|[upkeep]\n|upkeep\n|\n|t:|1776226268\n|switch|p2a: Palafin|Palafin-Hero, L50, M|100/100\n|switch|p1b: Typhlosion|Typhlosion-Hisui, L50, F|100/100\n|-item|p2a: Palafin|Mystic Water|[from] ability: Frisk|[of] p1b: Typhlosion\n|-item|p2b: Pelipper|Focus Sash|[from] ability: Frisk|[of] p1b: Typhlosion\n|-activate|p2a: Palafin|ability: Zero to Hero\n|turn|3\n|\n|t:|1776226278\n|move|p2a: Palafin|Jet Punch|p1b: Typhlosion\n|-supereffective|p1b: Typhlosion|1\n|-damage|p1b: Typhlosion|0 fnt\n|faint|p1b: Typhlosion\n|move|p1a: Aerodactyl|Rock Slide|p2a: Palafin|[spread] p2a,p2b\n|-supereffective|p2b: Pelipper|1\n|-damage|p2a: Palafin|77/100\n|-damage|p2b: Pelipper|0 fnt\n|faint|p2b: Pelipper\n|\n|-weather|RainDance|[upkeep]\n|upkeep\n|-message|carmine enjoyer forfeited.\n|\n|win|Polaris711\n|raw|carmine enjoyer's rating: 1156 &rarr; <strong>1138</strong><br />(-18 for losing)\n|raw|Polaris711's rating: 1254 &rarr; <strong>1272</strong><br />(+18 for winning)\n|c|\u2606Polaris711|ggs\n|l|\u2606carmine enjoyer\n|player|p1|\n",
  "uploadtime": 1776226296,
  "views": 28,
  "formatid": "gen9championsvgc2026regma",
  "rating": 1138,
  "private": 0,
  "password": null
}