{
  "id": "gen9championsvgc2026regma-2584699918",
  "format": "[Gen 9 Champions] VGC 2026 Reg M-A",
  "players": [
    "Koszul",
    "NilouVGC"
  ],
  "log": "|j|\u2606Koszul\n|j|\u2606NilouVGC\n|t:|1776277631\n|gametype|doubles\n|player|p1|Koszul|2|1045\n|player|p2|NilouVGC|sabrina|1033\n|gen|9\n|tier|[Gen 9 Champions] VGC 2026 Reg M-A\n|rated|\n|rule|Species Clause: Limit one of each Pok\u00e9mon\n|rule|Item Clause: Limit 1 of each item\n|clearpoke\n|poke|p1|Sneasler, L50, M|\n|poke|p1|Kingambit, L50, F|\n|poke|p1|Clefable, L50, F|\n|poke|p1|Delphox, L50, M|\n|poke|p1|Dragonite, L50, F|\n|poke|p1|Basculegion, L50, M|\n|poke|p2|Incineroar, L50, F|\n|poke|p2|Floette-Eternal, L50, F|\n|poke|p2|Kommo-o, L50, F|\n|poke|p2|Aegislash, L50, F|\n|poke|p2|Rotom-Wash, L50|\n|poke|p2|Sneasler, L50, F|\n|teampreview|4\n|inactive|Battle timer is ON: inactive players will automatically lose when time's up. (requested by NilouVGC)\n|\n|t:|1776277696\n|teamsize|p1|4\n|teamsize|p2|4\n|start\n|switch|p1a: Basculegion|Basculegion, L50, M|100/100\n|switch|p1b: Delphox|Delphox, L50, M|100/100\n|switch|p2a: Incineroar|Incineroar, L50, F|100/100\n|switch|p2b: Floette|Floette-Eternal, L50, F|100/100\n|-ability|p2a: Incineroar|Intimidate|boost\n|-unboost|p1a: Basculegion|atk|1\n|-unboost|p1b: Delphox|atk|1\n|turn|1\n|\n|t:|1776277717\n|detailschange|p1b: Delphox|Delphox-Mega, L50, M\n|-mega|p1b: Delphox|Delphox|Delphoxite\n|detailschange|p2b: Floette|Floette-Mega, L50, F\n|-mega|p2b: Floette|Floette|Floettite\n|-ability|p2b: Floette|Fairy Aura\n|move|p2a: Incineroar|Fake Out|p1b: Delphox\n|-damage|p1b: Delphox|85/100\n|move|p1a: Basculegion|Wave Crash|p2b: Floette\n|-damage|p2b: Floette|51/100\n|-damage|p1a: Basculegion|85/100|[from] Recoil\n|cant|p1b: Delphox|flinch\n|move|p2b: Floette|Calm Mind|p2b: Floette\n|-boost|p2b: Floette|spa|1\n|-boost|p2b: Floette|spd|1\n|\n|upkeep\n|turn|2\n|inactive|NilouVGC has 30 seconds left.\n|inactive|NilouVGC has 20 seconds left.\n|inactive|NilouVGC has 15 seconds left.\n|inactive|NilouVGC has 10 seconds left.\n|inactive|NilouVGC has 5 seconds left.\n|\n|t:|1776277773\n|move|p2b: Floette|Protect|p2b: Floette\n|-singleturn|p2b: Floette|Protect\n|move|p2a: Incineroar|Fake Out||[still]\n|-hint|Fake Out only works on your first turn out.\n|-fail|p2a: Incineroar\n|move|p1a: Basculegion|Wave Crash|p2a: Incineroar\n|-supereffective|p2a: Incineroar|1\n|-damage|p2a: Incineroar|21/100\n|-enditem|p2a: Incineroar|Sitrus Berry|[eat]\n|-heal|p2a: Incineroar|46/100|[from] item: Sitrus Berry\n|-damage|p1a: Basculegion|58/100|[from] Recoil\n|move|p1b: Delphox|Substitute|p1b: Delphox\n|-start|p1b: Delphox|Substitute\n|-damage|p1b: Delphox|60/100\n|\n|upkeep\n|turn|3\n|-message|NilouVGC forfeited.\n|\n|win|Koszul\n|raw|Koszul's rating: 1045 &rarr; <strong>1077</strong><br />(+32 for winning)\n|raw|NilouVGC's rating: 1033 &rarr; <strong>1019</strong><br />(-14 for losing)\n|l|\u2606NilouVGC\n|player|p2|\n",
  "uploadtime": 1776277780,
  "views": 15,
  "formatid": "gen9championsvgc2026regma",
  "rating": 1019,
  "private": 0,
  "password": null
}