{
  "id": "gen9championsvgc2026regma-2586718362",
  "format": "[Gen 9 Champions] VGC 2026 Reg M-A",
  "players": [
    "HighasaMantyke",
    "pp_2k4"
  ],
  "log": "|j|\u2606HighasaMantyke\n|j|\u2606pp_2k4\n|t:|1776454545\n|gametype|doubles\n|player|p1|HighasaMantyke|drayton|1115\n|player|p2|pp_2k4|266|1137\n|gen|9\n|tier|[Gen 9 Champions] VGC 2026 Reg M-A\n|rated|\n|rule|Species Clause: Limit one of each Pok\u00e9mon\n|rule|Item Clause: Limit 1 of each item\n|clearpoke\n|poke|p1|Garchomp, L50, F|\n|poke|p1|Incineroar, L50, M|\n|poke|p1|Sneasler, L50, M|\n|poke|p1|Whimsicott, L50, M|\n|poke|p1|Rotom-Wash, L50|\n|poke|p1|Dragonite, L50, M|\n|poke|p2|Farigiraf, L50, M|\n|poke|p2|Drampa, L50, F|\n|poke|p2|Sinistcha, L50|\n|poke|p2|Mudsdale, L50, M|\n|poke|p2|Kingambit, L50, M|\n|poke|p2|Incineroar, L50, M|\n|teampreview|4\n|inactive|Battle timer is ON: inactive players will automatically lose when time's up. (requested by HighasaMantyke)\n|inactive|pp_2k4 has 60 seconds left.\n|\n|t:|1776454583\n|teamsize|p1|4\n|teamsize|p2|4\n|start\n|switch|p1a: Incineroar|Incineroar, L50, M|100/100\n|switch|p1b: Dragonite|Dragonite, L50, M|100/100\n|switch|p2a: Farigiraf|Farigiraf, L50, M|100/100\n|switch|p2b: Kingambit|Kingambit, L50, M|100/100\n|-ability|p1a: Incineroar|Intimidate|boost\n|-unboost|p2a: Farigiraf|atk|1\n|-unboost|p2b: Kingambit|atk|1\n|-ability|p2b: Kingambit|Defiant|boost\n|-boost|p2b: Kingambit|atk|2\n|turn|1\n|\n|t:|1776454597\n|detailschange|p1b: Dragonite|Dragonite-Mega, L50, M\n|-mega|p1b: Dragonite|Dragonite|Dragoninite\n|move|p1b: Dragonite|Heat Wave|p2a: Farigiraf|[spread] p2a\n|-miss|p1b: Dragonite|p2b: Kingambit\n|-damage|p2a: Farigiraf|79/100\n|move|p1a: Incineroar|Throat Chop|p2a: Farigiraf\n|-supereffective|p2a: Farigiraf|1\n|-crit|p2a: Farigiraf\n|-damage|p2a: Farigiraf|0 fnt\n|faint|p2a: Farigiraf\n|move|p2b: Kingambit|Iron Head|p1b: Dragonite\n|-damage|p1b: Dragonite|69/100\n|\n|upkeep\n|\n|t:|1776454612\n|switch|p2a: Sinistcha|Sinistcha, L50|100/100\n|turn|2\n|\n|t:|1776454622\n|move|p2a: Sinistcha|Rage Powder|p2a: Sinistcha\n|-singleturn|p2a: Sinistcha|move: Rage Powder\n|move|p1b: Dragonite|Heat Wave|p2b: Kingambit|[spread] p2a,p2b\n|-supereffective|p2a: Sinistcha|1\n|-supereffective|p2b: Kingambit|1\n|-damage|p2a: Sinistcha|30/100\n|-damage|p2b: Kingambit|45/100\n|-enditem|p2a: Sinistcha|Sitrus Berry|[eat]\n|-heal|p2a: Sinistcha|54/100|[from] item: Sitrus Berry\n|move|p1a: Incineroar|Flare Blitz|p2a: Sinistcha\n|-supereffective|p2a: Sinistcha|1\n|-damage|p2a: Sinistcha|0 fnt\n|faint|p2a: Sinistcha\n|-damage|p1a: Incineroar|85/100|[from] Recoil\n|move|p2b: Kingambit|Iron Head|p1b: Dragonite\n|-damage|p1b: Dragonite|5/100\n|\n|upkeep\n|\n|t:|1776454631\n|switch|p2a: Drampa|Drampa, L50, F|100/100\n|turn|3\n|\n|t:|1776454642\n|detailschange|p2a: Drampa|Drampa-Mega, L50, F\n|-mega|p2a: Drampa|Drampa|Drampanite\n|move|p2b: Kingambit|Protect|p2b: Kingambit\n|-singleturn|p2b: Kingambit|Protect\n|move|p1b: Dragonite|Draco Meteor|p2a: Drampa\n|-supereffective|p2a: Drampa|1\n|-damage|p2a: Drampa|0 fnt\n|-unboost|p1b: Dragonite|spa|2\n|faint|p2a: Drampa\n|move|p1a: Incineroar|Flare Blitz|p2b: Kingambit\n|-activate|p2b: Kingambit|move: Protect\n|\n|upkeep\n|turn|4\n|-message|pp_2k4 forfeited.\n|\n|win|HighasaMantyke\n|raw|HighasaMantyke's rating: 1115 &rarr; <strong>1142</strong><br />(+27 for winning)\n|raw|pp_2k4's rating: 1137 &rarr; <strong>1110</strong><br />(-27 for losing)\n|l|\u2606pp_2k4\n|player|p2|\n",
  "uploadtime": 1776454657,
  "views": 38,
  "formatid": "gen9championsvgc2026regma",
  "rating": 1110,
  "private": 0,
  "password": null
}