{
  "id": "gen9championsvgc2026regma-2583363789",
  "format": "[Gen 9 Champions] VGC 2026 Reg M-A",
  "players": [
    "EpiclyEpicGamerW",
    "OddFossil"
  ],
  "log": "|j|\u203dEpiclyEpicGamerW\n|j|\u2606OddFossil\n|t:|1776170326\n|gametype|doubles\n|player|p1|EpiclyEpicGamerW|red-masters|1072\n|player|p2|OddFossil|102|1014\n|gen|9\n|tier|[Gen 9 Champions] VGC 2026 Reg M-A\n|rated|\n|rule|Species Clause: Limit one of each Pok\u00e9mon\n|rule|Item Clause: Limit 1 of each item\n|clearpoke\n|poke|p1|Delphox, L50, M|\n|poke|p1|Floette-Eternal, L50, F|\n|poke|p1|Sneasler, L50, M|\n|poke|p1|Maushold-Four, L50|\n|poke|p1|Basculegion, L50, M|\n|poke|p1|Aerodactyl, L50, F|\n|poke|p2|Tyranitar, L50, M|\n|poke|p2|Excadrill, L50, F|\n|poke|p2|Sneasler, L50, M|\n|poke|p2|Rotom-Wash, L50|\n|poke|p2|Dragapult, L50, M|\n|poke|p2|Meganium, L50, M|\n|teampreview|4\n|inactive|Battle timer is ON: inactive players will automatically lose when time's up. (requested by EpiclyEpicGamerW)\n|inactive|EpiclyEpicGamerW has 60 seconds left.\n|\n|t:|1776170370\n|teamsize|p1|4\n|teamsize|p2|4\n|start\n|switch|p1a: Sneasler|Sneasler, L50, M|100/100\n|switch|p1b: Aerodactyl|Aerodactyl, L50, F|100/100\n|switch|p2a: Tyranitar|Tyranitar, L50, M|100/100\n|switch|p2b: Excadrill|Excadrill, L50, F|100/100\n|-ability|p1b: Aerodactyl|Unnerve\n|-weather|Sandstorm|[from] ability: Sand Stream|[of] p2a: Tyranitar\n|turn|1\n|\n|t:|1776170387\n|move|p1a: Sneasler|Fake Out|p2b: Excadrill\n|-resisted|p2b: Excadrill|1\n|-damage|p2b: Excadrill|92/100\n|cant|p2b: Excadrill|flinch\n|move|p1b: Aerodactyl|Tailwind|p1b: Aerodactyl\n|-sidestart|p1: EpiclyEpicGamerW|move: Tailwind\n|move|p2a: Tyranitar|Rock Slide|p1b: Aerodactyl|[spread] p1a,p1b\n|-resisted|p1a: Sneasler|1\n|-supereffective|p1b: Aerodactyl|1\n|-damage|p1a: Sneasler|75/100\n|-enditem|p1b: Aerodactyl|Focus Sash\n|-damage|p1b: Aerodactyl|1/100\n|\n|-weather|Sandstorm|[upkeep]\n|-damage|p1a: Sneasler|69/100|[from] Sandstorm\n|upkeep\n|turn|2\n|inactive|EpiclyEpicGamerW has 30 seconds left.\n|inactive|OddFossil has 30 seconds left.\n|\n|t:|1776170416\n|switch|p1b: Floette|Floette-Eternal, L50, F|100/100\n|switch|p2a: Dragapult|Dragapult, L50, M|100/100\n|move|p1a: Sneasler|Close Combat|p2b: Excadrill\n|-supereffective|p2b: Excadrill|1\n|-damage|p2b: Excadrill|0 fnt\n|-unboost|p1a: Sneasler|def|1\n|-unboost|p1a: Sneasler|spd|1\n|faint|p2b: Excadrill\n|-enditem|p1a: Sneasler|White Herb\n|-clearnegativeboost|p1a: Sneasler|[silent]\n|\n|-weather|Sandstorm|[upkeep]\n|-damage|p1a: Sneasler|63/100|[from] Sandstorm\n|-damage|p1b: Floette|94/100|[from] Sandstorm\n|-damage|p2a: Dragapult|94/100|[from] Sandstorm\n|upkeep\n|\n|t:|1776170438\n|switch|p2b: Tyranitar|Tyranitar, L50, M|100/100\n|turn|3\n|\n|t:|1776170448\n|detailschange|p1b: Floette|Floette-Mega, L50, F\n|-mega|p1b: Floette|Floette|Floettite\n|-ability|p1b: Floette|Fairy Aura\n|move|p2b: Tyranitar|Protect|p2b: Tyranitar\n|-singleturn|p2b: Tyranitar|Protect\n|move|p1a: Sneasler|Close Combat|p2b: Tyranitar\n|-activate|p2b: Tyranitar|move: Protect\n|move|p1b: Floette|Moonblast|p2a: Dragapult\n|-supereffective|p2a: Dragapult|1\n|-damage|p2a: Dragapult|0 fnt\n|faint|p2a: Dragapult\n|\n|-weather|Sandstorm|[upkeep]\n|-damage|p1a: Sneasler|57/100|[from] Sandstorm\n|-damage|p1b: Floette|88/100|[from] Sandstorm\n|upkeep\n|-message|OddFossil forfeited.\n|\n|win|EpiclyEpicGamerW\n|raw|EpiclyEpicGamerW's rating: 1072 &rarr; <strong>1096</strong><br />(+24 for winning)\n|raw|OddFossil's rating: 1014 &rarr; <strong>1004</strong><br />(-10 for losing)\n|l|\u2606OddFossil\n|player|p2|\n",
  "uploadtime": 1776170464,
  "views": 18,
  "formatid": "gen9championsvgc2026regma",
  "rating": 1004,
  "private": 0,
  "password": null
}