{
  "id": "gen9championsvgc2026regma-2580669263",
  "format": "[Gen 9 Champions] VGC 2026 Reg M-A",
  "players": [
    "azelflux",
    "bonsailover"
  ],
  "log": "|j|\u203dazelflux\n|j|\u2606bonsailover\n|t:|1775922857\n|gametype|doubles\n|player|p1|azelflux|n|1092\n|player|p2|bonsailover|265|1000\n|gen|9\n|tier|[Gen 9 Champions] VGC 2026 Reg M-A\n|rated|\n|rule|Species Clause: Limit one of each Pok\u00e9mon\n|rule|Item Clause: Limit 1 of each item\n|clearpoke\n|poke|p1|Meganium, L50, F|\n|poke|p1|Farigiraf, L50, F|\n|poke|p1|Pelipper, L50, M|\n|poke|p1|Basculegion-F, L50, F|\n|poke|p1|Excadrill, L50, F|\n|poke|p1|Raichu, L50, F|\n|poke|p2|Aerodactyl, L50, F|\n|poke|p2|Starmie, L50|\n|poke|p2|Incineroar, L50, F|\n|poke|p2|Pelipper, L50, F|\n|poke|p2|Clefable, L50, M|\n|poke|p2|Sneasler, L50, F|\n|teampreview|4\n|inactive|Battle timer is ON: inactive players will automatically lose when time's up. (requested by azelflux)\nazelflux rejected open team sheets.\n|\n|t:|1775922895\n|teamsize|p1|4\n|teamsize|p2|4\n|start\n|switch|p1a: Raichu|Raichu, L50, F|100/100\n|switch|p1b: Farigiraf|Farigiraf, L50, F|100/100\n|switch|p2a: Starmie|Starmie, L50|100/100\n|switch|p2b: Aerodactyl|Aerodactyl, L50, F|100/100\n|-ability|p2b: Aerodactyl|Unnerve\n|turn|1\n|inactive|bonsailover has 30 seconds left.\n|\n|t:|1775922922\n|detailschange|p2a: Starmie|Starmie-Mega, L50\n|-mega|p2a: Starmie|Starmie|Starminite\n|move|p2b: Aerodactyl|Rock Slide|p1b: Farigiraf|[spread] p1a,p1b\n|-damage|p1a: Raichu|36/100\n|-damage|p1b: Farigiraf|67/100\n|move|p2a: Starmie|Skill Swap|p2b: Aerodactyl\n|-activate|p2a: Starmie|Skill Swap|||[of] p2b: Aerodactyl\n|-ability|p2a: Starmie|Unnerve\n|move|p1a: Raichu|Volt Switch|p2b: Aerodactyl\n|-supereffective|p2b: Aerodactyl|1\n|-damage|p2b: Aerodactyl|24/100\n|inactive|azelflux has 30 seconds left.\n|-message|bonsailover forfeited.\n|\n|win|azelflux\n|raw|azelflux's rating: 1092 &rarr; <strong>1111</strong><br />(+19 for winning)\n|raw|bonsailover's rating: 1000 &rarr; <strong>1000</strong><br />(+0 for losing)\n|l|\u2606bonsailover\n|player|p2|\n",
  "uploadtime": 1775922956,
  "views": 13,
  "formatid": "gen9championsvgc2026regma",
  "rating": 1000,
  "private": 0,
  "password": null
}