{
  "id": "gen9championsvgc2026regma-2583292645",
  "format": "[Gen 9 Champions] VGC 2026 Reg M-A",
  "players": [
    "faric",
    "JohnaldVGC"
  ],
  "log": "|j|\u2606faric\n|j|\u2606JohnaldVGC\n|t:|1776163907\n|gametype|doubles\n|player|p1|faric|265|1171\n|player|p2|JohnaldVGC|102|1150\n|gen|9\n|tier|[Gen 9 Champions] VGC 2026 Reg M-A\n|rated|\n|rule|Species Clause: Limit one of each Pok\u00e9mon\n|rule|Item Clause: Limit 1 of each item\n|clearpoke\n|poke|p1|Charizard, L50, M|\n|poke|p1|Garchomp, L50, F|\n|poke|p1|Rotom-Wash, L50|\n|poke|p1|Incineroar, L50, F|\n|poke|p1|Sneasler, L50, F|\n|poke|p1|Whimsicott, L50, M|\n|poke|p2|Kangaskhan, L50, F|\n|poke|p2|Talonflame, L50, F|\n|poke|p2|Milotic, L50, M|\n|poke|p2|Kingambit, L50, M|\n|poke|p2|Conkeldurr, L50, M|\n|poke|p2|Sylveon, L50, M|\n|teampreview|4\n|inactive|Battle timer is ON: inactive players will automatically lose when time's up. (requested by faric)\n|\n|t:|1776163939\n|teamsize|p1|4\n|teamsize|p2|4\n|start\n|switch|p1a: Rotom|Rotom-Wash, L50|100/100\n|switch|p1b: Charizard|Charizard, L50, M|100/100\n|switch|p2a: Talonflame|Talonflame, L50, F|100/100\n|switch|p2b: Milotic|Milotic, L50, M|100/100\n|turn|1\n|\n|t:|1776163955\n|move|p1b: Charizard|Protect|p1b: Charizard\n|-singleturn|p1b: Charizard|Protect\n|move|p2a: Talonflame|Tailwind|p2a: Talonflame\n|-sidestart|p2: JohnaldVGC|move: Tailwind\n|move|p2b: Milotic|Muddy Water|p1b: Charizard|[spread] p1a\n|-activate|p1b: Charizard|move: Protect\n|-resisted|p1a: Rotom|1\n|-damage|p1a: Rotom|82/100\n|-unboost|p1a: Rotom|accuracy|1\n|move|p1a: Rotom|Volt Switch|p2a: Talonflame\n|-supereffective|p2a: Talonflame|1\n|-damage|p2a: Talonflame|9/100\n|\n|t:|1776163968\n|switch|p1a: Whimsicott|Whimsicott, L50, M|100/100|[from] Volt Switch\n|\n|upkeep\n|turn|2\n|\n|t:|1776163985\n|detailschange|p1b: Charizard|Charizard-Mega-Y, L50, M\n|-mega|p1b: Charizard|Charizard|Charizardite Y\n|-weather|SunnyDay|[from] ability: Drought|[of] p1b: Charizard\n|move|p1a: Whimsicott|Encore|p2a: Talonflame\n|-start|p2a: Talonflame|Encore\n|move|p2a: Talonflame|Tailwind||[still]\n|-fail|p2a: Talonflame\n|move|p2b: Milotic|Ice Beam|p1b: Charizard\n|-damage|p1b: Charizard|69/100\n|move|p1b: Charizard|Solar Beam||[still]\n|-prepare|p1b: Charizard|Solar Beam\n|-anim|p1b: Charizard|Solar Beam|p2b: Milotic\n|-supereffective|p2b: Milotic|1\n|-damage|p2b: Milotic|27/100\n|\n|-weather|SunnyDay|[upkeep]\n|-heal|p2b: Milotic|33/100|[from] item: Leftovers\n|upkeep\n|turn|3\n|\n|t:|1776164009\n|switch|p2a: Kangaskhan|Kangaskhan, L50, F|100/100\n|move|p1a: Whimsicott|Tailwind|p1a: Whimsicott\n|-sidestart|p1: faric|move: Tailwind\n|move|p1b: Charizard|Heat Wave|p2b: Milotic|[spread] p2a,p2b\n|-resisted|p2b: Milotic|1\n|-damage|p2a: Kangaskhan|25/100\n|-damage|p2b: Milotic|9/100\n|move|p2b: Milotic|Muddy Water|p1a: Whimsicott|[spread] p1a\n|-miss|p2b: Milotic|p1b: Charizard\n|-resisted|p1a: Whimsicott|1\n|-damage|p1a: Whimsicott|87/100\n|-unboost|p1a: Whimsicott|accuracy|1\n|\n|-weather|SunnyDay|[upkeep]\n|-heal|p2b: Milotic|15/100|[from] item: Leftovers\n|upkeep\n|turn|4\n|\n|t:|1776164028\n|switch|p1a: Rotom|Rotom-Wash, L50|82/100\n|detailschange|p2a: Kangaskhan|Kangaskhan-Mega, L50, F\n|-mega|p2a: Kangaskhan|Kangaskhan|Kangaskhanite\n|move|p1b: Charizard|Heat Wave|p2a: Kangaskhan|[spread] p2a,p2b\n|-resisted|p2b: Milotic|1\n|-damage|p2a: Kangaskhan|0 fnt\n|-damage|p2b: Milotic|0 fnt\n|faint|p2a: Kangaskhan\n|faint|p2b: Milotic\n|\n|-weather|SunnyDay|[upkeep]\n|-heal|p1a: Rotom|88/100|[from] item: Leftovers\n|-sideend|p2: JohnaldVGC|move: Tailwind\n|upkeep\n|-message|JohnaldVGC forfeited.\n|\n|win|faric\n|raw|faric's rating: 1171 &rarr; <strong>1194</strong><br />(+23 for winning)\n|raw|JohnaldVGC's rating: 1150 &rarr; <strong>1127</strong><br />(-23 for losing)\n|l|\u2606JohnaldVGC\n|player|p2|\n",
  "uploadtime": 1776164041,
  "views": 36,
  "formatid": "gen9championsvgc2026regma",
  "rating": 1127,
  "private": 0,
  "password": null
}