{
  "id": "gen9championsvgc2026regma-2585653162",
  "format": "[Gen 9 Champions] VGC 2026 Reg M-A",
  "players": [
    "buildthebill",
    "hunterbarber"
  ],
  "log": "|j|\u2606buildthebill\n|j|\u2606hunterbarber\n|t:|1776361451\n|gametype|doubles\n|player|p1|buildthebill|brawly|1190\n|player|p2|hunterbarber|2|1146\n|gen|9\n|tier|[Gen 9 Champions] VGC 2026 Reg M-A\n|rated|\n|rule|Species Clause: Limit one of each Pok\u00e9mon\n|rule|Item Clause: Limit 1 of each item\n|clearpoke\n|poke|p1|Aerodactyl, L50, M|\n|poke|p1|Floette-Eternal, L50, F|\n|poke|p1|Incineroar, L50, M|\n|poke|p1|Garchomp, L50, F|\n|poke|p1|Sinistcha, L50|\n|poke|p1|Rotom-Wash, L50|\n|poke|p2|Glimmora, L50, F|\n|poke|p2|Orthworm, L50, M|\n|poke|p2|Tinkaton, L50, F|\n|poke|p2|Sinistcha, L50|\n|poke|p2|Gliscor, L50, F|\n|poke|p2|Gyarados, L50, M|\n|teampreview|4\n|inactive|Battle timer is ON: inactive players will automatically lose when time's up. (requested by buildthebill)\n|\n|t:|1776361482\n|teamsize|p1|4\n|teamsize|p2|4\n|start\n|switch|p1a: Floette|Floette-Eternal, L50, F|100/100\n|switch|p1b: Incineroar|Incineroar, L50, M|100/100\n|switch|p2a: Glimmora|Glimmora, L50, F|100/100\n|switch|p2b: Tinkaton|Tinkaton, L50, F|100/100\n|-ability|p2b: Tinkaton|Mold Breaker\n|-ability|p1b: Incineroar|Intimidate|boost\n|-unboost|p2a: Glimmora|atk|1\n|-unboost|p2b: Tinkaton|atk|1\n|turn|1\n|inactive|buildthebill has 30 seconds left.\n|inactive|buildthebill has 20 seconds left.\n|\n|t:|1776361522\n|detailschange|p1a: Floette|Floette-Mega, L50, F\n|-mega|p1a: Floette|Floette|Floettite\n|-ability|p1a: Floette|Fairy Aura\n|detailschange|p2a: Glimmora|Glimmora-Mega, L50, F\n|-mega|p2a: Glimmora|Glimmora|Glimmoranite\n|move|p2b: Tinkaton|Fake Out|p1b: Incineroar\n|-damage|p1b: Incineroar|94/100\n|cant|p1b: Incineroar|flinch\n|move|p1a: Floette|Calm Mind|p1a: Floette\n|-boost|p1a: Floette|spa|1\n|-boost|p1a: Floette|spd|1\n|move|p2a: Glimmora|Sludge Wave|p1b: Incineroar|[spread] p1a,p1b\n|-immune|p2b: Tinkaton\n|-supereffective|p1a: Floette|1\n|-damage|p1a: Floette|37/100\n|-damage|p1b: Incineroar|54/100\n|\n|-heal|p1b: Incineroar|60/100|[from] item: Leftovers\n|upkeep\n|turn|2\n|inactive|hunterbarber has 30 seconds left.\n|\n|t:|1776361553\n|move|p2b: Tinkaton|Feint|p1a: Floette\n|-damage|p1a: Floette|30/100\n|move|p1a: Floette|Draining Kiss|p2a: Glimmora\n|-resisted|p2a: Glimmora|1\n|-damage|p2a: Glimmora|66/100\n|-heal|p1a: Floette|57/100|[from] drain|[of] p2a: Glimmora\n|move|p2a: Glimmora|Sludge Wave|p1a: Floette|[spread] p1a,p1b\n|-immune|p2b: Tinkaton\n|-supereffective|p1a: Floette|1\n|-damage|p1a: Floette|0 fnt\n|-damage|p1b: Incineroar|16/100\n|faint|p1a: Floette\n|move|p1b: Incineroar|Flare Blitz|p2b: Tinkaton\n|-supereffective|p2b: Tinkaton|1\n|-damage|p2b: Tinkaton|7/100\n|-damage|p1b: Incineroar|0 fnt|[from] Recoil\n|faint|p1b: Incineroar\n|\n|-heal|p2b: Tinkaton|13/100|[from] item: Leftovers\n|upkeep\n|\n|t:|1776361564\n|switch|p1a: Aerodactyl|Aerodactyl, L50, M|100/100\n|switch|p1b: Sinistcha|Sinistcha, L50|100/100\n|-ability|p1a: Aerodactyl|Unnerve\n|turn|3\n|\n|t:|1776361583\n|move|p1a: Aerodactyl|Tailwind|p1a: Aerodactyl\n|-sidestart|p1: buildthebill|move: Tailwind\n|move|p1b: Sinistcha|Matcha Gotcha|p2b: Tinkaton|[spread] p2a,p2b\n|-resisted|p2b: Tinkaton|1\n|-damage|p2a: Glimmora|32/100\n|-damage|p2b: Tinkaton|0 fnt\n|faint|p2b: Tinkaton\n|move|p2a: Glimmora|Sludge Bomb|p1b: Sinistcha\n|-damage|p1b: Sinistcha|0 fnt\n|faint|p1b: Sinistcha\n|\n|upkeep\n|\n|t:|1776361593\n|switch|p2b: Orthworm|Orthworm, L50, M|100/100\n|turn|4\n|\n|t:|1776361597\n|move|p1a: Aerodactyl|Rock Slide|p2b: Orthworm|[spread] p2b\n|-miss|p1a: Aerodactyl|p2a: Glimmora\n|-resisted|p2b: Orthworm|1\n|-damage|p2b: Orthworm|94/100\n|move|p2a: Glimmora|Power Gem|p1a: Aerodactyl\n|-supereffective|p1a: Aerodactyl|1\n|-enditem|p1a: Aerodactyl|Focus Sash\n|-damage|p1a: Aerodactyl|1/100\n|move|p2b: Orthworm|Heavy Slam|p1a: Aerodactyl\n|-supereffective|p1a: Aerodactyl|1\n|-damage|p1a: Aerodactyl|0 fnt\n|faint|p1a: Aerodactyl\n|\n|win|hunterbarber\n|raw|buildthebill's rating: 1190 &rarr; <strong>1162</strong><br />(-28 for losing)\n|raw|hunterbarber's rating: 1146 &rarr; <strong>1174</strong><br />(+28 for winning)\n",
  "uploadtime": 1776361604,
  "views": 20,
  "formatid": "gen9championsvgc2026regma",
  "rating": 1162,
  "private": 0,
  "password": null
}