{
  "id": "gen9championsvgc2026regma-2583534925",
  "format": "[Gen 9 Champions] VGC 2026 Reg M-A",
  "players": [
    "NegaiFreak",
    "franksaurio"
  ],
  "log": "|j|\u2606NegaiFreak\n|j|\u2606franksaurio\n|t:|1776181762\n|gametype|doubles\n|player|p1|NegaiFreak|169|1283\n|player|p2|franksaurio|102|1222\n|gen|9\n|tier|[Gen 9 Champions] VGC 2026 Reg M-A\n|rated|\n|rule|Species Clause: Limit one of each Pok\u00e9mon\n|rule|Item Clause: Limit 1 of each item\n|clearpoke\n|poke|p1|Archaludon, L50, M|\n|poke|p1|Pelipper, L50, M|\n|poke|p1|Basculegion, L50, M|\n|poke|p1|Meganium, L50, M|\n|poke|p1|Maushold-Four, L50|\n|poke|p1|Farigiraf, L50, F|\n|poke|p2|Glimmora, L50, F|\n|poke|p2|Aegislash, L50, F|\n|poke|p2|Sinistcha, L50|\n|poke|p2|Incineroar, L50, F|\n|poke|p2|Milotic, L50, M|\n|poke|p2|Whimsicott, L50, F|\n|teampreview|4\n|inactive|Battle timer is ON: inactive players will automatically lose when time's up. (requested by NegaiFreak)\n|c|\u2606NegaiFreak|GLHF\n|inactive|franksaurio has 60 seconds left.\n|\n|t:|1776181807\n|teamsize|p1|4\n|teamsize|p2|4\n|start\n|switch|p1a: Pelipper|Pelipper, L50, M|100/100\n|switch|p1b: Archaludon|Archaludon, L50, M|100/100\n|switch|p2a: Glimmora|Glimmora, L50, F|100/100\n|switch|p2b: Whimsicott|Whimsicott, L50, F, shiny|100/100\n|-weather|RainDance|[from] ability: Drizzle|[of] p1a: Pelipper\n|turn|1\n|inactive|franksaurio has 30 seconds left.\n|\n|t:|1776181832\n|detailschange|p2a: Glimmora|Glimmora-Mega, L50, F\n|-mega|p2a: Glimmora|Glimmora|Glimmoranite\n|move|p2b: Whimsicott|Helping Hand|p2a: Glimmora\n|-singleturn|p2a: Glimmora|Helping Hand|[of] p2b: Whimsicott\n|move|p2a: Glimmora|Earth Power|p1b: Archaludon\n|-supereffective|p1b: Archaludon|1\n|-crit|p1b: Archaludon\n|-ability|p1b: Archaludon|Sturdy\n|-damage|p1b: Archaludon|1/100\n|move|p1b: Archaludon|Electro Shot||[still]\n|-prepare|p1b: Archaludon|Electro Shot\n|-boost|p1b: Archaludon|spa|1\n|-anim|p1b: Archaludon|Electro Shot|p2a: Glimmora\n|-damage|p2a: Glimmora|13/100\n|move|p1a: Pelipper|Hurricane|p2b: Whimsicott\n|-supereffective|p2b: Whimsicott|1\n|-damage|p2b: Whimsicott|0 fnt\n|faint|p2b: Whimsicott\n|\n|-weather|RainDance|[upkeep]\n|upkeep\n|\n|t:|1776181849\n|switch|p2b: Aegislash|Aegislash, L50, F|100/100\n|turn|2\n|\n|t:|1776181860\n|move|p1b: Archaludon|Protect|p1b: Archaludon\n|-singleturn|p1b: Archaludon|Protect\n|-formechange|p2b: Aegislash|Aegislash-Blade|\n|move|p2b: Aegislash|Shadow Sneak|p1b: Archaludon\n|-activate|p1b: Archaludon|move: Protect\n|move|p2a: Glimmora|Power Gem|p1a: Pelipper\n|-supereffective|p1a: Pelipper|1\n|-enditem|p1a: Pelipper|Focus Sash\n|-damage|p1a: Pelipper|1/100\n|move|p1a: Pelipper|Tailwind|p1a: Pelipper\n|-sidestart|p1: NegaiFreak|move: Tailwind\n|\n|-weather|RainDance|[upkeep]\n|upkeep\n|turn|3\n|inactive|NegaiFreak has 30 seconds left.\n|\n|t:|1776181886\n|switch|p1a: Farigiraf|Farigiraf, L50, F|100/100\n|switch|p2a: Milotic|Milotic, L50, M|100/100\n|move|p2b: Aegislash|Shadow Sneak||[still]\n|cant|p1a: Farigiraf|ability: Armor Tail|Shadow Sneak|[of] p2b: Aegislash\n|move|p1b: Archaludon|Electro Shot||[still]\n|-prepare|p1b: Archaludon|Electro Shot\n|-boost|p1b: Archaludon|spa|1\n|-anim|p1b: Archaludon|Electro Shot|p2b: Aegislash\n|-damage|p2b: Aegislash|0 fnt\n|faint|p2b: Aegislash\n|\n|-weather|RainDance|[upkeep]\n|upkeep\n|\n|t:|1776181896\n|switch|p2b: Glimmora|Glimmora-Mega, L50, F|13/100\n|turn|4\n|\n|t:|1776181907\n|move|p1b: Archaludon|Electro Shot||[still]\n|-prepare|p1b: Archaludon|Electro Shot\n|-boost|p1b: Archaludon|spa|1\n|-anim|p1b: Archaludon|Electro Shot|p2a: Milotic\n|-supereffective|p2a: Milotic|1\n|-damage|p2a: Milotic|0 fnt\n|faint|p2a: Milotic\n|move|p2b: Glimmora|Power Gem|p1a: Farigiraf\n|-crit|p1a: Farigiraf\n|-damage|p1a: Farigiraf|18/100\n|move|p1a: Farigiraf|Psychic|p2b: Glimmora\n|-supereffective|p2b: Glimmora|1\n|-damage|p2b: Glimmora|0 fnt\n|faint|p2b: Glimmora\n|\n|win|NegaiFreak\n|raw|NegaiFreak's rating: 1283 &rarr; <strong>1304</strong><br />(+21 for winning)\n|raw|franksaurio's rating: 1222 &rarr; <strong>1201</strong><br />(-21 for losing)\n|l|\u2606franksaurio\n|player|p2|\n|c|\u2606NegaiFreak|GG, WP\n",
  "uploadtime": 1776181927,
  "views": 16,
  "formatid": "gen9championsvgc2026regma",
  "rating": 1201,
  "private": 0,
  "password": null
}