{
  "id": "gen9championsvgc2026regma-2580702815",
  "format": "[Gen 9 Champions] VGC 2026 Reg M-A",
  "players": [
    "angstmacher>)",
    "MigraineMan"
  ],
  "log": "|j|\u2606angstmacher>)\n|j|\u2606MigraineMan\n|t:|1775925565\n|gametype|doubles\n|player|p1|angstmacher>)|harlequin|1209\n|player|p2|MigraineMan|102|1181\n|gen|9\n|tier|[Gen 9 Champions] VGC 2026 Reg M-A\n|rated|\n|rule|Species Clause: Limit one of each Pok\u00e9mon\n|rule|Item Clause: Limit 1 of each item\n|clearpoke\n|poke|p1|Aerodactyl, L50, F|\n|poke|p1|Basculegion, L50, M|\n|poke|p1|Clefable, L50, F|\n|poke|p1|Chandelure, L50, F|\n|poke|p1|Kingambit, L50, M|\n|poke|p1|Conkeldurr, L50, M|\n|poke|p2|Alakazam, L50, F|\n|poke|p2|Meowstic, L50, M|\n|poke|p2|Maushold-Four, L50|\n|poke|p2|Lucario, L50, F|\n|poke|p2|Scovillain, L50, F|\n|poke|p2|Charizard, L50, F|\n|teampreview|4\n|\n|t:|1775925654\n|teamsize|p1|4\n|teamsize|p2|4\n|start\n|switch|p1a: Aerodactyl|Aerodactyl, L50, F|100/100\n|switch|p1b: Chandelure|Chandelure, L50, F|100/100\n|switch|p2a: Alakazam|Alakazam, L50, F, shiny|100/100\n|switch|p2b: Lucario|Lucario, L50, F|100/100\n|-ability|p1a: Aerodactyl|Unnerve\n|turn|1\n|\n|t:|1775925667\n|detailschange|p1a: Aerodactyl|Aerodactyl-Mega, L50, F\n|-mega|p1a: Aerodactyl|Aerodactyl|Aerodactylite\n|detailschange|p2a: Alakazam|Alakazam-Mega, L50, F, shiny\n|-mega|p2a: Alakazam|Alakazam|Alakazite\n|-ability|p2a: Alakazam|Tough Claws|Trace|[from] ability: Trace|[of] p1a: Aerodactyl\n|move|p2b: Lucario|Rock Tomb|p1a: Aerodactyl\n|-supereffective|p1a: Aerodactyl|1\n|-damage|p1a: Aerodactyl|54/100\n|-unboost|p1a: Aerodactyl|spe|1\n|move|p2a: Alakazam|Expanding Force|p1a: Aerodactyl\n|-damage|p1a: Aerodactyl|0 fnt\n|faint|p1a: Aerodactyl\n|move|p1b: Chandelure|Heat Wave|p2a: Alakazam|[spread] p2a,p2b\n|-supereffective|p2b: Lucario|1\n|-damage|p2a: Alakazam|44/100\n|-damage|p2b: Lucario|0 fnt\n|faint|p2b: Lucario\n|\n|upkeep\n|\n|t:|1775925679\n|switch|p1a: Kingambit|Kingambit, L50, M|100/100\n|switch|p2b: Meowstic|Meowstic, L50, M|100/100\n|turn|2\n|\n|t:|1775925703\n|move|p2b: Meowstic|Psychic Terrain|p2b: Meowstic\n|-fieldstart|move: Psychic Terrain\n|move|p1a: Kingambit|Sucker Punch|p2a: Alakazam\n|-activate|p2a: Alakazam|move: Psychic Terrain\n|move|p2a: Alakazam|Focus Blast|p1a: Kingambit\n|-supereffective|p1a: Kingambit|2\n|-damage|p1a: Kingambit|0 fnt\n|faint|p1a: Kingambit\n|move|p1b: Chandelure|Shadow Ball|p2b: Meowstic\n|-supereffective|p2b: Meowstic|1\n|-enditem|p2b: Meowstic|Focus Sash\n|-damage|p2b: Meowstic|1/100\n|\n|upkeep\n|\n|t:|1775925710\n|switch|p1a: Conkeldurr|Conkeldurr, L50, M|100/100\n|turn|3\n|\n|t:|1775925719\n|move|p1a: Conkeldurr|Protect|p1a: Conkeldurr\n|-singleturn|p1a: Conkeldurr|Protect\n|move|p2a: Alakazam|Expanding Force|p1b: Chandelure|[spread] p1b\n|-activate|p1a: Conkeldurr|move: Protect\n|-enditem|p1b: Chandelure|Focus Sash\n|-damage|p1b: Chandelure|1/100\n|move|p2b: Meowstic|Expanding Force|p1b: Chandelure|[spread] p1b\n|-activate|p1a: Conkeldurr|move: Protect\n|-damage|p1b: Chandelure|0 fnt\n|faint|p1b: Chandelure\n|\n|upkeep\n|turn|4\n|c|\u2606angstmacher>)|whatever bro\n|\n|t:|1775925731\n|move|p2a: Alakazam|Expanding Force|p1a: Conkeldurr\n|-supereffective|p1a: Conkeldurr|1\n|-damage|p1a: Conkeldurr|0 fnt\n|faint|p1a: Conkeldurr\n|\n|win|MigraineMan\n|raw|angstmacher&gt;)'s rating: 1209 &rarr; <strong>1182</strong><br />(-27 for losing)\n|raw|MigraineMan's rating: 1181 &rarr; <strong>1208</strong><br />(+27 for winning)\n|l|\u2606angstmacher>)\n|player|p1|\n|c|\u2606MigraineMan|gg\n",
  "uploadtime": 1775925738,
  "views": 14,
  "formatid": "gen9championsvgc2026regma",
  "rating": 1182,
  "private": 0,
  "password": null
}