{
  "id": "gen9championsvgc2026regma-2587898428",
  "format": "[Gen 9 Champions] VGC 2026 Reg M-A",
  "players": [
    "ryanbunz",
    "deoxystomocean"
  ],
  "log": "|j|\u2606ryanbunz\n|j|\u2606deoxystomocean\n|t:|1776576217\n|gametype|doubles\n|player|p1|ryanbunz|giovanni|1000\n|player|p2|deoxystomocean|unknown|1046\n|gen|9\n|tier|[Gen 9 Champions] VGC 2026 Reg M-A\n|rated|\n|rule|Species Clause: Limit one of each Pok\u00e9mon\n|rule|Item Clause: Limit 1 of each item\n|clearpoke\n|poke|p1|Sneasler, L50, F|\n|poke|p1|Starmie, L50, shiny|\n|poke|p1|Talonflame, L50, F|\n|poke|p1|Sableye, L50, F, shiny|\n|poke|p1|Ninetales-Alola, L50, M|\n|poke|p1|Basculegion, L50, M|\n|poke|p2|Glimmora, L50, M, shiny|\n|poke|p2|Corviknight, L50, M, shiny|\n|poke|p2|Primarina, L50, F, shiny|\n|poke|p2|Pelipper, L50, F|\n|poke|p2|Archaludon, L50, M, shiny|\n|poke|p2|Garchomp, L50, M, shiny|\n|teampreview|4\n|\n|t:|1776576247\n|teamsize|p1|4\n|teamsize|p2|4\n|start\n|switch|p1a: Starmie|Starmie, L50, shiny|100/100\n|switch|p1b: Sableye|Sableye, L50, F, shiny|100/100\n|switch|p2a: coisa|Pelipper, L50, F|100/100\n|switch|p2b: ponte com aura|Archaludon, L50, M, shiny|100/100\n|-weather|RainDance|[from] ability: Drizzle|[of] p2a: coisa\n|turn|1\n|\n|t:|1776576296\n|detailschange|p1a: Starmie|Starmie-Mega, L50, shiny\n|-mega|p1a: Starmie|Starmie|Starminite\n|move|p1b: Sableye|Fake Out|p2a: coisa\n|-damage|p2a: coisa|94/100\n|move|p2b: ponte com aura|Electro Shot||[still]\n|-prepare|p2b: ponte com aura|Electro Shot\n|-boost|p2b: ponte com aura|spa|1\n|-anim|p2b: ponte com aura|Electro Shot|p1a: Starmie\n|-supereffective|p1a: Starmie|1\n|-damage|p1a: Starmie|0 fnt\n|faint|p1a: Starmie\n|cant|p2a: coisa|flinch\n|\n|-weather|RainDance|[upkeep]\n|-heal|p2a: coisa|99/100|[from] item: Leftovers\n|upkeep\n|-message|ryanbunz forfeited.\n|\n|win|deoxystomocean\n|raw|ryanbunz's rating: 1000 &rarr; <strong>1000</strong><br />(+0 for losing)\n|raw|deoxystomocean's rating: 1046 &rarr; <strong>1075</strong><br />(+29 for winning)\n|l|\u2606ryanbunz\n|player|p1|\n",
  "uploadtime": 1776576324,
  "views": 11,
  "formatid": "gen9championsvgc2026regma",
  "rating": 1000,
  "private": 0,
  "password": null
}