{
  "id": "gen9championsvgc2026regma-2581265891",
  "format": "[Gen 9 Champions] VGC 2026 Reg M-A",
  "players": [
    "It'sJustKen VGC",
    "yanxi0312"
  ],
  "log": "|j|\u2606It'sJustKen VGC\n|j|\u2606yanxi0312\n|t:|1775978526\n|gametype|doubles\n|player|p1|It'sJustKen VGC|170|1155\n|player|p2|yanxi0312|hilbert-wonderlauncher|1250\n|gen|9\n|tier|[Gen 9 Champions] VGC 2026 Reg M-A\n|rated|\n|rule|Species Clause: Limit one of each Pok\u00e9mon\n|rule|Item Clause: Limit 1 of each item\n|clearpoke\n|poke|p1|Farigiraf, L50, F|\n|poke|p1|Incineroar, L50, M|\n|poke|p1|Torkoal, L50, M|\n|poke|p1|Charizard, L50, F|\n|poke|p1|Dragonite, L50, F|\n|poke|p1|Typhlosion-Hisui, L50, M|\n|poke|p2|Blastoise, L50, F|\n|poke|p2|Torkoal, L50, M|\n|poke|p2|Farigiraf, L50, F|\n|poke|p2|Kingambit, L50, F|\n|poke|p2|Sinistcha, L50|\n|poke|p2|Gengar, L50, F|\n|teampreview|4\n|inactive|Battle timer is ON: inactive players will automatically lose when time's up. (requested by It'sJustKen VGC)\n|inactive|yanxi0312 has 60 seconds left.\n|\n|t:|1775978565\n|teamsize|p1|4\n|teamsize|p2|4\n|start\n|switch|p1a: UP UP UP|Typhlosion-Hisui, L50, M|100/100\n|switch|p1b: Like I'm|Torkoal, L50, M|100/100\n|switch|p2a: Gengar|Gengar, L50, F|100/100\n|switch|p2b: Kingambit|Kingambit, L50, F|100/100\n|-weather|SunnyDay|[from] ability: Drought|[of] p1b: Like I'm\n|turn|1\n|\n|t:|1775978580\n|switch|p1b: I'm Done Hiding|Farigiraf, L50, F|100/100\n|detailschange|p2a: Gengar|Gengar-Mega, L50, F\n|-mega|p2a: Gengar|Gengar|Gengarite\n|move|p2b: Kingambit|Sucker Punch||[still]\n|cant|p1b: I'm Done Hiding|ability: Armor Tail|Sucker Punch|[of] p2b: Kingambit\n|move|p1a: UP UP UP|Eruption|p2a: Gengar|[spread] p2a,p2b\n|-supereffective|p2b: Kingambit|1\n|-damage|p2a: Gengar|0 fnt\n|-damage|p2b: Kingambit|0 fnt\n|faint|p2a: Gengar\n|faint|p2b: Kingambit\n|\n|-weather|SunnyDay|[upkeep]\n|upkeep\n|-message|yanxi0312 forfeited.\n|\n|win|It'sJustKen VGC\n|raw|It&apos;sJustKen VGC's rating: 1127 &rarr; <strong>1160</strong><br />(+33 for winning)\n|raw|yanxi0312's rating: 1250 &rarr; <strong>1217</strong><br />(-33 for losing)\n|l|\u2606yanxi0312\n|player|p2|\n",
  "uploadtime": 1775978588,
  "views": 14,
  "formatid": "gen9championsvgc2026regma",
  "rating": 1160,
  "private": 0,
  "password": null
}