{
  "id": "gen9championsvgc2026regma-2582188642",
  "format": "[Gen 9 Champions] VGC 2026 Reg M-A",
  "players": [
    "faric",
    "MadeOutOfCake"
  ],
  "log": "|j|\u2606faric\n|j|\u2606MadeOutOfCake\n|t:|1776069146\n|gametype|doubles\n|player|p1|faric|102|1135\n|player|p2|MadeOutOfCake|rosa|1160\n|gen|9\n|tier|[Gen 9 Champions] VGC 2026 Reg M-A\n|rated|\n|rule|Species Clause: Limit one of each Pok\u00e9mon\n|rule|Item Clause: Limit 1 of each item\n|clearpoke\n|poke|p1|Charizard, L50, M|\n|poke|p1|Venusaur, L50, F|\n|poke|p1|Garchomp, L50, F|\n|poke|p1|Rotom-Wash, L50|\n|poke|p1|Incineroar, L50, M|\n|poke|p1|Sneasler, L50, F|\n|poke|p2|Clefable, L50, M|\n|poke|p2|Lopunny, L50, F|\n|poke|p2|Hydreigon, L50, F|\n|poke|p2|Aegislash, L50, F|\n|poke|p2|Arcanine-Hisui, L50, M|\n|poke|p2|Ninetales-Alola, L50, F|\n|teampreview|4\n|inactive|Battle timer is ON: inactive players will automatically lose when time's up. (requested by faric)\n|\n|t:|1776069207\n|teamsize|p1|4\n|teamsize|p2|4\n|start\n|switch|p1a: Charizard|Charizard, L50, M|100/100\n|switch|p1b: Garchomp|Garchomp, L50, F|100/100\n|switch|p2a: Arcanine|Arcanine-Hisui, L50, M|100/100\n|switch|p2b: Ninetales|Ninetales-Alola, L50, F|100/100\n|-ability|p2a: Arcanine|Intimidate|boost\n|-unboost|p1a: Charizard|atk|1\n|-unboost|p1b: Garchomp|atk|1\n|-weather|Snowscape|[from] ability: Snow Warning|[of] p2b: Ninetales\n|turn|1\n|inactive|MadeOutOfCake has 30 seconds left.\n|inactive|MadeOutOfCake has 20 seconds left.\n|inactive|MadeOutOfCake has 15 seconds left.\n|\n|t:|1776069247\n|switch|p2a: Hydreigon|Hydreigon, L50, F, shiny|100/100\n|detailschange|p1a: Charizard|Charizard-Mega-Y, L50, M\n|-mega|p1a: Charizard|Charizard|Charizardite Y\n|-weather|SunnyDay|[from] ability: Drought|[of] p1a: Charizard\n|move|p1b: Garchomp|Bulldoze|p2a: Hydreigon|[spread] p2b\n|-immune|p1a: Charizard\n|-immune|p2a: Hydreigon|[from] ability: Levitate\n|-damage|p2b: Ninetales|76/100\n|-unboost|p2b: Ninetales|spe|1\n|move|p1a: Charizard|Heat Wave|p2b: Ninetales|[spread] p2a,p2b\n|-resisted|p2a: Hydreigon|1\n|-supereffective|p2b: Ninetales|1\n|-damage|p2a: Hydreigon|68/100\n|-damage|p2b: Ninetales|0 fnt\n|-status|p2a: Hydreigon|brn\n|faint|p2b: Ninetales\n|\n|-weather|SunnyDay|[upkeep]\n|-damage|p2a: Hydreigon|62/100 brn|[from] brn\n|upkeep\n|\n|t:|1776069263\n|switch|p2b: Arcanine|Arcanine-Hisui, L50, M|100/100\n|-ability|p2b: Arcanine|Intimidate|boost\n|-unboost|p1a: Charizard|atk|1\n|-unboost|p1b: Garchomp|atk|1\n|turn|2\n|\n|t:|1776069280\n|move|p1a: Charizard|Protect|p1a: Charizard\n|-singleturn|p1a: Charizard|Protect\n|move|p2a: Hydreigon|Protect|p2a: Hydreigon\n|-singleturn|p2a: Hydreigon|Protect\n|move|p2b: Arcanine|Rock Slide|p1a: Charizard|[spread] p1b\n|-activate|p1a: Charizard|move: Protect\n|-resisted|p1b: Garchomp|1\n|-damage|p1b: Garchomp|86/100\n|move|p1b: Garchomp|Bulldoze|p2a: Hydreigon|[spread] p2b\n|-activate|p1a: Charizard|move: Protect\n|-activate|p2a: Hydreigon|move: Protect\n|-supereffective|p2b: Arcanine|2\n|-damage|p2b: Arcanine|37/100\n|-unboost|p2b: Arcanine|spe|1\n|\n|-weather|SunnyDay|[upkeep]\n|-damage|p2a: Hydreigon|56/100 brn|[from] brn\n|upkeep\n|turn|3\n|\n|t:|1776069302\n|move|p1b: Garchomp|Bulldoze|p2a: Hydreigon|[spread] p2b\n|-immune|p1a: Charizard\n|-immune|p2a: Hydreigon|[from] ability: Levitate\n|-supereffective|p2b: Arcanine|2\n|-damage|p2b: Arcanine|0 fnt\n|faint|p2b: Arcanine\n|move|p1a: Charizard|Weather Ball|p2a: Hydreigon\n|-resisted|p2a: Hydreigon|1\n|-damage|p2a: Hydreigon|12/100 brn\n|move|p2a: Hydreigon|Draco Meteor|p1b: Garchomp\n|-supereffective|p1b: Garchomp|1\n|-damage|p1b: Garchomp|0 fnt\n|-unboost|p2a: Hydreigon|spa|2\n|faint|p1b: Garchomp\n|\n|-weather|SunnyDay|[upkeep]\n|-damage|p2a: Hydreigon|6/100 brn|[from] brn\n|upkeep\n|\n|t:|1776069311\n|switch|p2b: Lopunny|Lopunny, L50, F|100/100\n|switch|p1b: Incineroar|Incineroar, L50, M|100/100\n|-ability|p1b: Incineroar|Intimidate|boost\n|-unboost|p2a: Hydreigon|atk|1\n|-unboost|p2b: Lopunny|atk|1\n|turn|4\n|\n|t:|1776069320\n|detailschange|p2b: Lopunny|Lopunny-Mega, L50, F\n|-mega|p2b: Lopunny|Lopunny|Lopunnite\n|move|p2a: Hydreigon|Protect|p2a: Hydreigon\n|-singleturn|p2a: Hydreigon|Protect\n|move|p1b: Incineroar|Fake Out|p2b: Lopunny\n|-damage|p2b: Lopunny|81/100\n|cant|p2b: Lopunny|flinch\n|move|p1a: Charizard|Heat Wave|p2a: Hydreigon|[spread] p2b\n|-activate|p2a: Hydreigon|move: Protect\n|-damage|p2b: Lopunny|0 fnt\n|faint|p2b: Lopunny\n|\n|-weather|SunnyDay|[upkeep]\n|-damage|p2a: Hydreigon|0 fnt|[from] brn\n|faint|p2a: Hydreigon\n|\n|win|faric\n|raw|faric's rating: 1135 &rarr; <strong>1162</strong><br />(+27 for winning)\n|raw|MadeOutOfCake's rating: 1160 &rarr; <strong>1133</strong><br />(-27 for losing)\n|l|\u2606MadeOutOfCake\n|player|p2|\n",
  "uploadtime": 1776069334,
  "views": 17,
  "formatid": "gen9championsvgc2026regma",
  "rating": 1133,
  "private": 0,
  "password": null
}