{
  "id": "gen9championsvgc2026regma-2588086991",
  "format": "[Gen 9 Champions] VGC 2026 Reg M-A",
  "players": [
    "everlol",
    "Joel_mon"
  ],
  "log": "|j|\u2606everlol\n|j|\u2606Joel_mon\n|html|<table width=\"100%\"><tr><td align=\"left\">everlol</td><td align=\"right\">Joel_mon</tr><tr><td align=\"left\"><i class=\"fa fa-circle\"></i> <i class=\"fa fa-circle-o\"></i> </td><td align=\"right\"><i class=\"fa fa-circle-o\"></i> <i class=\"fa fa-circle-o\"></i> </tr></table>\n|uhtml|bestof|<h2><strong>Game 2</strong> of <a href=\"/game-bestof3-gen9championsvgc2026regma-2588083155\">a best-of-3</a></h2>\n|t:|1776602761\n|gametype|doubles\n|player|p1|everlol|2|\n|player|p2|Joel_mon|hoopster|\n|gen|9\n|tier|[Gen 9 Champions] VGC 2026 Reg M-A\n|rated|Tournament battle\n|rule|Species Clause: Limit one of each Pok\u00e9mon\n|rule|Item Clause: Limit 1 of each item\n|raw|<div class=\"infobox\"><details class=\"readmore\" open><summary><strong>2 custom rules:</strong></summary> Force Open Team Sheets, Best of = 3</details></div>\n|clearpoke\n|poke|p1|Sneasler, L50, M|\n|poke|p1|Whimsicott, L50, F|\n|poke|p1|Floette-Eternal, L50, F|\n|poke|p1|Kingambit, L50, M|\n|poke|p1|Garchomp, L50, F|\n|poke|p1|Charizard, L50, F|\n|poke|p2|Froslass, L50, F|\n|poke|p2|Sneasler, L50, F|\n|poke|p2|Aerodactyl, L50, F|\n|poke|p2|Garchomp, L50, M|\n|poke|p2|Kingambit, L50, F|\n|poke|p2|Rotom-Wash, L50|\n|teampreview|4\n|showteam|p1|Sneasler||WhiteHerb|Unburden|FakeOut,CloseCombat,DireClaw,RockSlide|||M|||50|]Whimsicott||FocusSash|Prankster|Tailwind,Encore,Moonblast,Protect|||F|||50|]Floette-Eternal||Floettite|FlowerVeil|Moonblast,LightofRuin,DazzlingGleam,Protect|||F|||50|]Kingambit||ChopleBerry|Defiant|KowtowCleave,SuckerPunch,IronHead,Protect|||M|||50|]Garchomp||ChoiceScarf|RoughSkin|RockSlide,DragonClaw,Earthquake,StompingTantrum|||F|||50|]Charizard||CharizarditeY|SolarPower|HeatWave,Overheat,SolarBeam,Protect|||F|||50|\n|showteam|p2|Froslass||Froslassite|SnowCloak|Blizzard,ShadowBall,Protect,AuroraVeil|||F|||50|]Sneasler||FocusSash|Unburden|FakeOut,Protect,DireClaw,CloseCombat|||F|||50|]Aerodactyl||LumBerry|Unnerve|RockSlide,DualWingbeat,Tailwind,Protect|||F|||50|]Garchomp||WhiteHerb|RoughSkin|Earthquake,DragonClaw,StompingTantrum,Protect|||M|||50|]Kingambit||ChopleBerry|Defiant|LowKick,KowtowCleave,SuckerPunch,Protect|||F|||50|]Rotom-Wash||ChoiceScarf|Levitate|VoltSwitch,Thunderbolt,HydroPump,Electroweb||||||50|\n|inactive|Battle timer is ON: inactive players will automatically lose when time's up. (requested by everlol)\n|inactive|Joel_mon has 60 seconds left.\n|\n|t:|1776602810\n|teamsize|p1|4\n|teamsize|p2|4\n|start\n|switch|p1a: Whimsicott|Whimsicott, L50, F|100/100\n|switch|p1b: Floette|Floette-Eternal, L50, F|100/100\n|switch|p2a: Froslass|Froslass, L50, F|100/100\n|switch|p2b: Aerodactyl|Aerodactyl, L50, F|100/100\n|-ability|p2b: Aerodactyl|Unnerve\n|turn|1\n|inactive|Joel_mon has 30 seconds left.\n|inactive|everlol has 30 seconds left.\n|inactive|Joel_mon has 20 seconds left.\n|inactive|Joel_mon has 15 seconds left.\n|inactive|Joel_mon has 10 seconds left.\n|\n|t:|1776602860\n|detailschange|p2a: Froslass|Froslass-Mega, L50, F\n|-mega|p2a: Froslass|Froslass|Froslassite\n|-weather|Snowscape|[from] ability: Snow Warning|[of] p2a: Froslass\n|detailschange|p1b: Floette|Floette-Mega, L50, F\n|-mega|p1b: Floette|Floette|Floettite\n|-ability|p1b: Floette|Fairy Aura\n|move|p1a: Whimsicott|Protect|p1a: Whimsicott\n|-singleturn|p1a: Whimsicott|Protect\n|move|p2b: Aerodactyl|Tailwind|p2b: Aerodactyl\n|-sidestart|p2: Joel_mon|move: Tailwind\n|move|p2a: Froslass|Blizzard|p1a: Whimsicott|[spread] p1b\n|-activate|p1a: Whimsicott|move: Protect\n|-damage|p1b: Floette|66/100\n|move|p1b: Floette|Light of Ruin|p2a: Froslass\n|-damage|p2a: Froslass|0 fnt\n|faint|p2a: Froslass\n|-damage|p1b: Floette|11/100|[from] Recoil\n|\n|-weather|Snowscape|[upkeep]\n|upkeep\n|\n|t:|1776602878\n|switch|p2a: Sneasler|Sneasler, L50, F|100/100\n|turn|2\n|\n|t:|1776602882\n|switch|p1a: Garchomp|Garchomp, L50, F|100/100\n|move|p1b: Floette|Protect|p1b: Floette\n|-singleturn|p1b: Floette|Protect\n|move|p2a: Sneasler|Fake Out|p1a: Garchomp\n|-damage|p1a: Garchomp|83/100\n|-damage|p2a: Sneasler|88/100|[from] ability: Rough Skin|[of] p1a: Garchomp\n|move|p2b: Aerodactyl|Rock Slide|p1b: Floette|[spread] p1a\n|-activate|p1b: Floette|move: Protect\n|-resisted|p1a: Garchomp|1\n|-damage|p1a: Garchomp|70/100\n|\n|-weather|Snowscape|[upkeep]\n|upkeep\n|turn|3\n|inactive|Joel_mon has 30 seconds left.\n|\n|t:|1776602916\n|switch|p2a: Rotom|Rotom-Wash, L50|100/100\n|move|p2b: Aerodactyl|Rock Slide|p1a: Garchomp|[spread] p1a,p1b\n|-resisted|p1a: Garchomp|1\n|-damage|p1a: Garchomp|58/100\n|-damage|p1b: Floette|0 fnt\n|faint|p1b: Floette\n|move|p1a: Garchomp|Rock Slide|p2a: Rotom|[spread] p2a,p2b\n|-crit|p2a: Rotom\n|-supereffective|p2b: Aerodactyl|1\n|-damage|p2a: Rotom|56/100\n|-damage|p2b: Aerodactyl|37/100\n|\n|-weather|Snowscape|[upkeep]\n|upkeep\n|\n|t:|1776602930\n|switch|p1b: Whimsicott|Whimsicott, L50, F|100/100\n|turn|4\n|inactive|Joel_mon has 30 seconds left.\n|\n|t:|1776602957\n|move|p1b: Whimsicott|Tailwind|p1b: Whimsicott\n|-sidestart|p1: everlol|move: Tailwind\n|move|p1a: Garchomp|Rock Slide|p2b: Aerodactyl|[spread] p2a,p2b\n|-supereffective|p2b: Aerodactyl|1\n|-damage|p2a: Rotom|28/100\n|-damage|p2b: Aerodactyl|0 fnt\n|faint|p2b: Aerodactyl\n|move|p2a: Rotom|Hydro Pump|p1a: Garchomp\n|-damage|p1a: Garchomp|0 fnt\n|faint|p1a: Garchomp\n|\n|-weather|Snowscape|[upkeep]\n|-sideend|p2: Joel_mon|move: Tailwind\n|upkeep\n|\n|t:|1776602967\n|switch|p2b: Sneasler|Sneasler, L50, F|88/100\n|switch|p1a: Kingambit|Kingambit, L50, M|100/100\n|turn|5\n|\n|t:|1776602989\n|move|p1a: Kingambit|Sucker Punch|p2a: Rotom\n|-damage|p2a: Rotom|0 fnt\n|faint|p2a: Rotom\n|move|p1b: Whimsicott|Moonblast|p2b: Sneasler\n|-damage|p2b: Sneasler|39/100\n|move|p2b: Sneasler|Dire Claw|p1b: Whimsicott\n|-supereffective|p1b: Whimsicott|2\n|-crit|p1b: Whimsicott\n|-enditem|p1b: Whimsicott|Focus Sash\n|-damage|p1b: Whimsicott|1/100\n|\n|-weather|none\n|upkeep\n|turn|6\n|-message|Joel_mon forfeited.\n|\n|win|everlol\n|l|\u2606Joel_mon\n|player|p2|\n|j| VegitoSKBEST\n",
  "uploadtime": 1776603015,
  "views": 12,
  "formatid": "gen9championsvgc2026regma",
  "rating": null,
  "private": 0,
  "password": null
}