{
  "id": "gen9championsvgc2026regma-2584168579",
  "format": "[Gen 9 Champions] VGC 2026 Reg M-A",
  "players": [
    "MigraineMan",
    "massan2580"
  ],
  "log": "|j|\u2606MigraineMan\n|j|\u2606massan2580\n|t:|1776233514\n|gametype|doubles\n|player|p1|MigraineMan|2|1452\n|player|p2|massan2580|169|1521\n|gen|9\n|tier|[Gen 9 Champions] VGC 2026 Reg M-A\n|rated|\n|rule|Species Clause: Limit one of each Pok\u00e9mon\n|rule|Item Clause: Limit 1 of each item\n|clearpoke\n|poke|p1|Blastoise, L50, F|\n|poke|p1|Sinistcha, L50|\n|poke|p1|Pelipper, L50, M|\n|poke|p1|Maushold, L50|\n|poke|p1|Incineroar, L50, M|\n|poke|p1|Farigiraf, L50, M|\n|poke|p2|Floette-Eternal, L50, F|\n|poke|p2|Sneasler, L50, F|\n|poke|p2|Basculegion, L50, M|\n|poke|p2|Sylveon, L50, F|\n|poke|p2|Hydreigon, L50, F|\n|poke|p2|Talonflame, L50, F|\n|teampreview|4\n|\n|t:|1776233545\n|teamsize|p1|4\n|teamsize|p2|4\n|start\n|switch|p1a: Blastoise|Blastoise, L50, F|100/100\n|switch|p1b: Pelipper|Pelipper, L50, M|100/100\n|switch|p2a: Floette|Floette-Eternal, L50, F|100/100\n|switch|p2b: Sylveon|Sylveon, L50, F|100/100\n|-weather|RainDance|[from] ability: Drizzle|[of] p1b: Pelipper\n|turn|1\n|\n|t:|1776233559\n|detailschange|p1a: Blastoise|Blastoise-Mega, L50, F\n|-mega|p1a: Blastoise|Blastoise|Blastoisinite\n|detailschange|p2a: Floette|Floette-Mega, L50, F\n|-mega|p2a: Floette|Floette|Floettite\n|-ability|p2a: Floette|Fairy Aura\n|move|p1b: Pelipper|Wide Guard|p1b: Pelipper\n|-singleturn|p1b: Pelipper|Wide Guard\n|move|p1a: Blastoise|Shell Smash|p1a: Blastoise\n|-unboost|p1a: Blastoise|def|1\n|-unboost|p1a: Blastoise|spd|1\n|-boost|p1a: Blastoise|atk|2\n|-boost|p1a: Blastoise|spa|2\n|-boost|p1a: Blastoise|spe|2\n|move|p2a: Floette|Dazzling Gleam|p1a: Blastoise|[spread] \n|-activate|p1a: Blastoise|move: Wide Guard\n|-activate|p1b: Pelipper|move: Wide Guard\n|move|p2b: Sylveon|Hyper Voice|p1b: Pelipper|[spread] \n|-activate|p1a: Blastoise|move: Wide Guard\n|-activate|p1b: Pelipper|move: Wide Guard\n|\n|-weather|RainDance|[upkeep]\n|upkeep\n|turn|2\n|\n|t:|1776233585\n|move|p2b: Sylveon|Protect|p2b: Sylveon\n|-singleturn|p2b: Sylveon|Protect\n|move|p1a: Blastoise|Water Spout|p2b: Sylveon|[spread] p2a\n|-activate|p2b: Sylveon|move: Protect\n|-damage|p2a: Floette|0 fnt\n|faint|p2a: Floette\n|move|p1b: Pelipper|Tailwind|p1b: Pelipper\n|-sidestart|p1: MigraineMan|move: Tailwind\n|\n|-weather|RainDance|[upkeep]\n|upkeep\n|-message|massan2580 forfeited.\n|\n|win|MigraineMan\n|raw|MigraineMan's rating: 1452 &rarr; <strong>1476</strong><br />(+24 for winning)\n|raw|massan2580's rating: 1521 &rarr; <strong>1497</strong><br />(-24 for losing)\n|l|\u2606massan2580\n|player|p2|\n",
  "uploadtime": 1776233608,
  "views": 47,
  "formatid": "gen9championsvgc2026regma",
  "rating": 1476,
  "private": 0,
  "password": null
}