{
  "id": "gen9championsvgc2026regma-2586878545",
  "format": "[Gen 9 Champions] VGC 2026 Reg M-A",
  "players": [
    "SakikoPlushie",
    "zCamii"
  ],
  "log": "|j|\u2606SakikoPlushie\n|j|\u2606zCamii\n|t:|1776467833\n|gametype|doubles\n|player|p1|SakikoPlushie|miku-ghost|\n|player|p2|zCamii|iono-masters|\n|gen|9\n|tier|[Gen 9 Champions] VGC 2026 Reg M-A\n|rule|Species Clause: Limit one of each Pok\u00e9mon\n|rule|Item Clause: Limit 1 of each item\n|clearpoke\n|poke|p1|Gengar, L50, M|\n|poke|p1|Incineroar, L50, F|\n|poke|p1|Archaludon, L50, F|\n|poke|p1|Pelipper, L50, F|\n|poke|p1|Basculegion, L50, M|\n|poke|p1|Floette-Eternal, L50, F|\n|poke|p2|Torkoal, L50, M|\n|poke|p2|Typhlosion-Hisui, L50, F|\n|poke|p2|Hydreigon, L50, F|\n|poke|p2|Sneasler, L50, F|\n|poke|p2|Primarina, L50, F|\n|poke|p2|Meganium, L50, M|\n|teampreview|4\n|inactive|Battle timer is ON: inactive players will automatically lose when time's up. (requested by zCamii)\n|inactiveoff|Battle timer is now OFF.\n|\n|t:|1776467869\n|teamsize|p1|4\n|teamsize|p2|4\n|start\n|switch|p1a: Shizuku|Floette-Eternal, L50, F|100/100\n|switch|p1b: RiceShower|Basculegion, L50, M|100/100\n|switch|p2a: Meganium|Meganium, L50, M|100/100\n|switch|p2b: Hydreigon|Hydreigon, L50, F|100/100\n|turn|1\n|\n|t:|1776467887\n|switch|p2b: Torkoal|Torkoal, L50, M|100/100\n|-weather|SunnyDay|[from] ability: Drought|[of] p2b: Torkoal\n|detailschange|p1a: Shizuku|Floette-Mega, L50, F\n|-mega|p1a: Shizuku|Floette|Floettite\n|-ability|p1a: Shizuku|Fairy Aura\n|detailschange|p2a: Meganium|Meganium-Mega, L50, M\n|-mega|p2a: Meganium|Meganium|Meganiumite\n|move|p1b: RiceShower|Protect|p1b: RiceShower\n|-singleturn|p1b: RiceShower|Protect\n|move|p1a: Shizuku|Calm Mind|p1a: Shizuku\n|-boost|p1a: Shizuku|spa|1\n|-boost|p1a: Shizuku|spd|1\n|move|p2a: Meganium|Solar Beam||[still]\n|-prepare|p2a: Meganium|Solar Beam\n|-anim|p2a: Meganium|Solar Beam|p1b: RiceShower\n|-activate|p1b: RiceShower|move: Protect\n|\n|-weather|SunnyDay|[upkeep]\n|upkeep\n|turn|2\n|c|\u2606SakikoPlushie|M\u00e1s sol no quieres?\n|c|\u2606SakikoPlushie|Pareces per\u00fa\n|c|\u2606zCamii|wow\n|\n|t:|1776467924\n|switch|p1b: Juvia|Pelipper, L50, F|100/100\n|-weather|RainDance|[from] ability: Drizzle|[of] p1b: Juvia\n|move|p2b: Torkoal|Helping Hand|p2a: Meganium\n|-singleturn|p2a: Meganium|Helping Hand|[of] p2b: Torkoal\n|move|p1a: Shizuku|Moonblast|p2a: Meganium\n|-damage|p2a: Meganium|0 fnt\n|faint|p2a: Meganium\n|\n|-weather|RainDance|[upkeep]\n|upkeep\n|c|\u2606SakikoPlushie|No era insulto eh\n|c|\u2606zCamii|qe cojones\n|c|\u2606SakikoPlushie|Sino chiste\n|c|\u2606zCamii|en mis libros eso no hacia onetap\n|\n|t:|1776467957\n|switch|p2a: Typhlosion|Typhlosion-Hisui, L50, F|100/100\n|-item|p1a: Shizuku|Floettite|[from] ability: Frisk|[of] p2a: Typhlosion\n|-item|p1b: Juvia|Focus Sash|[from] ability: Frisk|[of] p2a: Typhlosion\n|turn|3\n|c|\u2606zCamii|bueno perdi el game\n|c|\u2606zCamii|es inevitable\n|c|\u2606zCamii|flor de mierda\n|\n|t:|1776467967\n|move|p2b: Torkoal|Helping Hand|p2a: Typhlosion\n|-singleturn|p2a: Typhlosion|Helping Hand|[of] p2b: Torkoal\n|move|p1a: Shizuku|Protect|p1a: Shizuku\n|-singleturn|p1a: Shizuku|Protect\n|move|p2a: Typhlosion|Shadow Ball|p1a: Shizuku\n|-activate|p1a: Shizuku|move: Protect\n|move|p1b: Juvia|Muddy Water|p2a: Typhlosion|[spread] p2a,p2b\n|-supereffective|p2a: Typhlosion|1\n|-supereffective|p2b: Torkoal|1\n|-damage|p2a: Typhlosion|0 fnt\n|-damage|p2b: Torkoal|0 fnt\n|faint|p2a: Typhlosion\n|faint|p2b: Torkoal\n|\n|-weather|RainDance|[upkeep]\n|upkeep\n|\n|t:|1776467972\n|switch|p2b: Hydreigon|Hydreigon, L50, F|100/100\n|turn|4\n|c|\u2606SakikoPlushie|Pobre hydreigon\n|\n|t:|1776467988\n|switch|p1b: Ogurin|Archaludon, L50, F|100/100\n|move|p1a: Shizuku|Moonblast|p2b: Hydreigon\n|-supereffective|p2b: Hydreigon|2\n|-damage|p2b: Hydreigon|0 fnt\n|faint|p2b: Hydreigon\n|\n|win|SakikoPlushie\n",
  "uploadtime": 1776467836,
  "views": 14,
  "formatid": "gen9championsvgc2026regma",
  "rating": null,
  "private": 0,
  "password": null
}