{
  "id": "gen9championsvgc2026regma-2586264500",
  "format": "[Gen 9 Champions] VGC 2026 Reg M-A",
  "players": [
    "Vaggelis199816",
    "Gin06134"
  ],
  "log": "|j|\u2606Vaggelis199816\n|j|\u203dGin06134\n|t:|1776419007\n|gametype|doubles\n|player|p1|Vaggelis199816|169|1207\n|player|p2|Gin06134|red|1219\n|gen|9\n|tier|[Gen 9 Champions] VGC 2026 Reg M-A\n|rated|\n|rule|Species Clause: Limit one of each Pok\u00e9mon\n|rule|Item Clause: Limit 1 of each item\n|clearpoke\n|poke|p1|Delphox, L50, M|\n|poke|p1|Incineroar, L50, F|\n|poke|p1|Sneasler, L50, F|\n|poke|p1|Milotic, L50, F|\n|poke|p1|Garchomp, L50, M|\n|poke|p1|Floette-Eternal, L50, F|\n|poke|p2|Dragonite, L50, M|\n|poke|p2|Sneasler, L50, F|\n|poke|p2|Sableye, L50, M|\n|poke|p2|Archaludon, L50, M|\n|poke|p2|Basculegion, L50, M|\n|poke|p2|Rotom-Heat, L50|\n|teampreview|4\n|inactive|Battle timer is ON: inactive players will automatically lose when time's up. (requested by Vaggelis199816)\n|inactive|Gin06134 also wants the timer to be on.\n|j| K1ngObi\n|inactive|Vaggelis199816 has 60 seconds left.\n|\n|t:|1776419039\n|teamsize|p1|4\n|teamsize|p2|4\n|start\n|switch|p1a: Incineroar|Incineroar, L50, F|100/100\n|switch|p1b: Floette|Floette-Eternal, L50, F|100/100\n|switch|p2a: Sableye|Sableye, L50, M|100/100\n|switch|p2b: Sneasler|Sneasler, L50, F|100/100\n|-ability|p1a: Incineroar|Intimidate|boost\n|-unboost|p2a: Sableye|atk|1\n|-unboost|p2b: Sneasler|atk|1\n|-enditem|p2b: Sneasler|White Herb\n|-clearnegativeboost|p2b: Sneasler|[silent]\n|turn|1\n|inactive|Gin06134 has 30 seconds left.\n|\n|t:|1776419066\n|switch|p2b: Basculegion|Basculegion, L50, M|100/100\n|detailschange|p1b: Floette|Floette-Mega, L50, F\n|-mega|p1b: Floette|Floette|Floettite\n|-ability|p1b: Floette|Fairy Aura\n|move|p1a: Incineroar|Fake Out|p2b: Basculegion\n|-immune|p2b: Basculegion\n|move|p2a: Sableye|Light Screen|p2a: Sableye\n|-sidestart|p2: Gin06134|move: Light Screen\n|move|p1b: Floette|Calm Mind|p1b: Floette\n|-boost|p1b: Floette|spa|1\n|-boost|p1b: Floette|spd|1\n|\n|upkeep\n|turn|2\n|\n|t:|1776419080\n|move|p2a: Sableye|Encore|p1b: Floette\n|-start|p1b: Floette|Encore\n|move|p2b: Basculegion|Wave Crash|p1a: Incineroar\n|-supereffective|p1a: Incineroar|1\n|-damage|p1a: Incineroar|0 fnt\n|faint|p1a: Incineroar\n|-damage|p2b: Basculegion|66/100|[from] Recoil\n|move|p1b: Floette|Calm Mind|p1b: Floette\n|-boost|p1b: Floette|spa|1\n|-boost|p1b: Floette|spd|1\n|\n|upkeep\n|\n|t:|1776419089\n|switch|p1a: Milotic|Milotic, L50, F|100/100\n|turn|3\n|\n|t:|1776419104\n|move|p2a: Sableye|Rain Dance|p2a: Sableye\n|-weather|RainDance\n|move|p2b: Basculegion|Wave Crash|p1b: Floette\n|-damage|p1b: Floette|0 fnt\n|faint|p1b: Floette\n|-damage|p2b: Basculegion|36/100|[from] Recoil\n|move|p1a: Milotic|Hypnosis|p2b: Basculegion|[miss]\n|-miss|p1a: Milotic|p2b: Basculegion\n|\n|-weather|RainDance|[upkeep]\n|upkeep\n|c|\u2606Vaggelis199816|you a bittttch\n|-message|Vaggelis199816 forfeited.\n|\n|win|Gin06134\n",
  "uploadtime": 1776419113,
  "views": 15,
  "formatid": "gen9championsvgc2026regma",
  "rating": null,
  "private": 0,
  "password": null
}