{
  "id": "gen9championsvgc2026regma-2580443610",
  "format": "[Gen 9 Champions] VGC 2026 Reg M-A",
  "players": [
    "Daverw",
    "Sceptilicious"
  ],
  "log": "|j|\u2606Daverw\n|j|\u2606Sceptilicious\n|t:|1775897393\n|gametype|doubles\n|player|p1|Daverw|170|1105\n|player|p2|Sceptilicious|2|1000\n|gen|9\n|tier|[Gen 9 Champions] VGC 2026 Reg M-A\n|rated|\n|rule|Species Clause: Limit one of each Pok\u00e9mon\n|rule|Item Clause: Limit 1 of each item\n|clearpoke\n|poke|p1|Froslass, L50, F|\n|poke|p1|Milotic, L50, M|\n|poke|p1|Incineroar, L50, M|\n|poke|p1|Sneasler, L50, F|\n|poke|p1|Kingambit, L50, M|\n|poke|p1|Whimsicott, L50, F|\n|poke|p2|Sinistcha, L50|\n|poke|p2|Dragonite, L50, F|\n|poke|p2|Arcanine-Hisui, L50, F|\n|poke|p2|Rotom-Wash, L50|\n|poke|p2|Milotic, L50, M|\n|poke|p2|Mamoswine, L50, F|\n|teampreview|4\nSceptilicious has agreed to open team sheets.\n|\n|t:|1775897447\n|teamsize|p1|4\n|teamsize|p2|4\n|start\n|switch|p1a: Milotic|Milotic, L50, M|100/100\n|switch|p1b: Whimsicott|Whimsicott, L50, F|100/100\n|switch|p2a: Milotic|Milotic, L50, M|100/100\n|switch|p2b: Rotom|Rotom-Wash, L50|100/100\n|turn|1\n|\n|t:|1775897479\n|move|p2a: Milotic|Helping Hand|p2b: Rotom\n|-singleturn|p2b: Rotom|Helping Hand|[of] p2a: Milotic\n|move|p1b: Whimsicott|Tailwind|p1b: Whimsicott\n|-sidestart|p1: Daverw|move: Tailwind\n|move|p1a: Milotic|Icy Wind|p2a: Milotic|[spread] p2a,p2b\n|-resisted|p2a: Milotic|1\n|-resisted|p2b: Rotom|1\n|-damage|p2a: Milotic|97/100\n|-damage|p2b: Rotom|95/100\n|-unboost|p2a: Milotic|spe|1\n|-ability|p2a: Milotic|Competitive|boost\n|-boost|p2a: Milotic|spa|2\n|-unboost|p2b: Rotom|spe|1\n|move|p2b: Rotom|Volt Switch|p1a: Milotic\n|-supereffective|p1a: Milotic|1\n|-damage|p1a: Milotic|49/100\n|\n|t:|1775897500\n|switch|p2b: Sinistcha|Sinistcha, L50|100/100|[from] Volt Switch\n|-heal|p2a: Milotic|100/100|[from] ability: Hospitality|[of] p2b: Sinistcha\n|\n|-heal|p1a: Milotic|55/100|[from] item: Leftovers\n|upkeep\n|turn|2\n|\n|t:|1775897563\n|move|p2a: Milotic|Helping Hand|p2b: Sinistcha\n|-singleturn|p2b: Sinistcha|Helping Hand|[of] p2a: Milotic\n|move|p1b: Whimsicott|Leech Seed|p2a: Milotic\n|-start|p2a: Milotic|move: Leech Seed\n|move|p1a: Milotic|Icy Wind|p2a: Milotic|[spread] p2a,p2b\n|-resisted|p2a: Milotic|1\n|-supereffective|p2b: Sinistcha|1\n|-damage|p2a: Milotic|97/100\n|-damage|p2b: Sinistcha|82/100\n|-unboost|p2a: Milotic|spe|1\n|-ability|p2a: Milotic|Competitive|boost\n|-boost|p2a: Milotic|spa|2\n|-unboost|p2b: Sinistcha|spe|1\n|move|p2b: Sinistcha|Matcha Gotcha|p1a: Milotic|[spread] p1a,p1b\n|-supereffective|p1a: Milotic|1\n|-resisted|p1b: Whimsicott|1\n|-damage|p1a: Milotic|0 fnt\n|-heal|p2b: Sinistcha|100/100|[from] drain|[of] p1a: Milotic\n|-damage|p1b: Whimsicott|64/100\n|faint|p1a: Milotic\n|\n|-heal|p2a: Milotic|100/100|[from] item: Leftovers\n|-damage|p2a: Milotic|88/100|[from] Leech Seed|[of] p1b: Whimsicott\n|-heal|p1b: Whimsicott|80/100|[silent]\n|upkeep\n|\n|t:|1775897592\n|switch|p1a: Froslass|Froslass, L50, F|100/100\n|turn|3\n|\n|t:|1775897606\n|detailschange|p1a: Froslass|Froslass-Mega, L50, F\n|-mega|p1a: Froslass|Froslass|Froslassite\n|-weather|Snowscape|[from] ability: Snow Warning|[of] p1a: Froslass\n|move|p1a: Froslass|Thunderbolt|p2a: Milotic\n|-supereffective|p2a: Milotic|1\n|-damage|p2a: Milotic|41/100\n|-status|p2a: Milotic|par\n|move|p1b: Whimsicott|Moonblast|p2a: Milotic\n|-damage|p2a: Milotic|17/100 par\n|-unboost|p2a: Milotic|spa|1\n|-ability|p2a: Milotic|Competitive|boost\n|-boost|p2a: Milotic|spa|2\n|move|p2b: Sinistcha|Curse|p1a: Froslass\n|-start|p1a: Froslass|Curse|[of] p2b: Sinistcha\n|-damage|p2b: Sinistcha|50/100\n|move|p2a: Milotic|Icy Wind|p1a: Froslass|[spread] p1a,p1b\n|-resisted|p1a: Froslass|1\n|-supereffective|p1b: Whimsicott|1\n|-damage|p1a: Froslass|79/100\n|-damage|p1b: Whimsicott|0 fnt\n|-unboost|p1a: Froslass|spe|1\n|faint|p1b: Whimsicott\n|\n|-weather|Snowscape|[upkeep]\n|-heal|p2a: Milotic|23/100 par|[from] item: Leftovers\n|-damage|p1a: Froslass|55/100|[from] Curse\n|upkeep\n|\n|t:|1775897631\n|switch|p1b: Sneasler|Sneasler, L50, F|100/100\n|turn|4\n|inactive|Battle timer is ON: inactive players will automatically lose when time's up. (requested by Daverw)\n|\n|t:|1775897647\n|move|p1b: Sneasler|Dire Claw|p2b: Sinistcha\n|-damage|p2b: Sinistcha|14/100\n|move|p1a: Froslass|Blizzard|p2b: Sinistcha|[spread] p2a,p2b\n|-resisted|p2a: Milotic|1\n|-supereffective|p2b: Sinistcha|1\n|-damage|p2a: Milotic|7/100 par\n|-damage|p2b: Sinistcha|0 fnt\n|faint|p2b: Sinistcha\n|move|p2a: Milotic|Scald|p1b: Sneasler\n|-damage|p1b: Sneasler|0 fnt\n|faint|p1b: Sneasler\n|\n|-weather|Snowscape|[upkeep]\n|-heal|p2a: Milotic|13/100 par|[from] item: Leftovers\n|-damage|p1a: Froslass|30/100|[from] Curse\n|-sideend|p1: Daverw|move: Tailwind\n|upkeep\n|-message|Daverw forfeited.\n|\n|win|Sceptilicious\n|raw|Daverw's rating: 1105 &rarr; <strong>1073</strong><br />(-32 for losing)\n|raw|Sceptilicious's rating: 1000 &rarr; <strong>1052</strong><br />(+52 for winning)\n|l|\u2606Daverw\n|player|p1|\n",
  "uploadtime": 1775897667,
  "views": 16,
  "formatid": "gen9championsvgc2026regma",
  "rating": 1052,
  "private": 0,
  "password": null
}