{
  "id": "gen9championsvgc2026regma-2581142348",
  "format": "[Gen 9 Champions] VGC 2026 Reg M-A",
  "players": [
    "disciple of blahaj",
    "Wing3d_kow"
  ],
  "log": "|j|\u2606disciple of blahaj\n|j|\u2606Wing3d_kow\n|t:|1775963962\n|gametype|doubles\n|player|p1|disciple of blahaj|jacinthe|1052\n|player|p2|Wing3d_kow|pokemaniac|1119\n|gen|9\n|tier|[Gen 9 Champions] VGC 2026 Reg M-A\n|rated|\n|rule|Species Clause: Limit one of each Pok\u00e9mon\n|rule|Item Clause: Limit 1 of each item\n|clearpoke\n|poke|p1|Lopunny, L50, F|\n|poke|p1|Aegislash, L50, F|\n|poke|p1|Sylveon, L50, M|\n|poke|p1|Arcanine-Hisui, L50, F|\n|poke|p1|Chesnaught, L50, M|\n|poke|p1|Rotom-Wash, L50|\n|poke|p2|Farigiraf, L50, F|\n|poke|p2|Kingambit, L50, F|\n|poke|p2|Chesnaught, L50, F|\n|poke|p2|Dragonite, L50, M|\n|poke|p2|Floette-Eternal, L50, F|\n|poke|p2|Palafin, L50, M|\n|teampreview|4\n|inactive|Battle timer is ON: inactive players will automatically lose when time's up. (requested by Wing3d_kow)\n|inactive|disciple of blahaj has 60 seconds left.\n|inactive|Wing3d_kow has 60 seconds left.\n|inactive|disciple of blahaj has 30 seconds left.\n|inactive|Wing3d_kow has 30 seconds left.\n|inactive|disciple of blahaj has 20 seconds left.\n|\n|t:|1775964035\n|teamsize|p1|4\n|teamsize|p2|4\n|start\n|switch|p1a: Sylveon|Sylveon, L50, M|100/100\n|switch|p1b: Rotom|Rotom-Wash, L50|100/100\n|switch|p2a: Chesnaught|Chesnaught, L50, F|100/100\n|switch|p2b: Dragonite|Dragonite, L50, M|100/100\n|turn|1\n|\n|t:|1775964052\n|move|p2b: Dragonite|Protect|p2b: Dragonite\n|-singleturn|p2b: Dragonite|Protect\n|move|p1a: Sylveon|Moonblast|p2b: Dragonite\n|-activate|p2b: Dragonite|move: Protect\n|move|p1b: Rotom|Will-O-Wisp|p2a: Chesnaught\n|-status|p2a: Chesnaught|brn\n|move|p2a: Chesnaught|Leech Seed|p1b: Rotom\n|-start|p1b: Rotom|move: Leech Seed\n|\n|-damage|p1b: Rotom|88/100|[from] Leech Seed|[of] p2a: Chesnaught\n|-damage|p2a: Chesnaught|94/100 brn|[from] brn\n|upkeep\n|turn|2\n|\n|t:|1775964075\n|move|p1a: Sylveon|Moonblast|p2b: Dragonite\n|-supereffective|p2b: Dragonite|1\n|-damage|p2b: Dragonite|21/100\n|move|p2b: Dragonite|Tailwind|p2b: Dragonite\n|-sidestart|p2: Wing3d_kow|move: Tailwind\n|move|p2a: Chesnaught|Leech Seed|p1a: Sylveon\n|-start|p1a: Sylveon|move: Leech Seed\n|move|p1b: Rotom|Volt Switch|p2b: Dragonite\n|-crit|p2b: Dragonite\n|-damage|p2b: Dragonite|0 fnt\n|faint|p2b: Dragonite\n|\n|t:|1775964089\n|switch|p1b: Lopunny|Lopunny, L50, F, shiny|100/100|[from] Volt Switch\n|\n|-damage|p1a: Sylveon|88/100|[from] Leech Seed|[of] p2a: Chesnaught\n|-heal|p2a: Chesnaught|100/100 brn|[silent]\n|-damage|p2a: Chesnaught|94/100 brn|[from] brn\n|upkeep\n|\n|t:|1775964096\n|switch|p2b: Kingambit|Kingambit, L50, F|100/100\n|turn|3\n|\n|t:|1775964102\n|detailschange|p1b: Lopunny|Lopunny-Mega, L50, F, shiny\n|-mega|p1b: Lopunny|Lopunny|Lopunnite\n|move|p1b: Lopunny|Close Combat|p2b: Kingambit\n|-supereffective|p2b: Kingambit|2\n|-damage|p2b: Kingambit|0 fnt\n|-unboost|p1b: Lopunny|def|1\n|-unboost|p1b: Lopunny|spd|1\n|faint|p2b: Kingambit\n|move|p1a: Sylveon|Moonblast|p2a: Chesnaught\n|-supereffective|p2a: Chesnaught|1\n|-damage|p2a: Chesnaught|13/100 brn\n|move|p2a: Chesnaught|Coaching|p2: Kingambit|[notarget]\n|-fail|p2a: Chesnaught\n|\n|-damage|p1a: Sylveon|76/100|[from] Leech Seed|[of] p2a: Chesnaught\n|-heal|p2a: Chesnaught|24/100 brn|[silent]\n|-damage|p2a: Chesnaught|18/100 brn|[from] brn\n|upkeep\n|-message|Wing3d_kow forfeited.\n|\n|win|disciple of blahaj\n|raw|disciple of blahaj's rating: 1052 &rarr; <strong>1090</strong><br />(+38 for winning)\n|raw|Wing3d_kow's rating: 1119 &rarr; <strong>1089</strong><br />(-30 for losing)\n|l|\u2606Wing3d_kow\n|player|p2|\n",
  "uploadtime": 1775964121,
  "views": 10,
  "formatid": "gen9championsvgc2026regma",
  "rating": 1089,
  "private": 0,
  "password": null
}