{
  "id": "gen9championsvgc2026regma-2584141516",
  "format": "[Gen 9 Champions] VGC 2026 Reg M-A",
  "players": [
    "holdingb",
    "alone0007"
  ],
  "log": "|j|\u2606holdingb\n|j|\u2606alone0007\n|t:|1776229914\n|gametype|doubles\n|player|p1|holdingb|anabel-gen7|\n|player|p2|alone0007|ghetsis|\n|gen|9\n|tier|[Gen 9 Champions] VGC 2026 Reg M-A\n|rated|Tournament battle\n|rule|Species Clause: Limit one of each Pok\u00e9mon\n|rule|Item Clause: Limit 1 of each item\n|raw|<div class=\"infobox\"><details class=\"readmore\" open><summary><strong>1 custom rule:</strong></summary> Force Open Team Sheets</details></div>\n|clearpoke\n|poke|p1|Gardevoir, L50, F|\n|poke|p1|Kangaskhan, L50, F|\n|poke|p1|Talonflame, L50, F|\n|poke|p1|Meowscarada, L50, M|\n|poke|p1|Rotom-Wash, L50|\n|poke|p1|Aegislash, L50, F|\n|poke|p2|Floette-Eternal, L50, F|\n|poke|p2|Incineroar, L50, F|\n|poke|p2|Sneasler, L50, M|\n|poke|p2|Garchomp, L50, M|\n|poke|p2|Rotom-Wash, L50|\n|poke|p2|Ninetales-Alola, L50, M|\n|teampreview|4\n|showteam|p1|Gardevoir||ChoiceScarf|Trace|Psyshock,Moonblast,IcyWind,Trick|||F|||50|]Kangaskhan||Kangaskhanite|Scrappy|FakeOut,DoubleEdge,DrainPunch,IcePunch|||F|||50|]Talonflame||SharpBeak|GaleWings|Tailwind,BraveBird,Feint,QuickGuard|||F|||50|]Meowscarada||FocusSash|Overgrow|FlowerTrick,KnockOff,SuckerPunch,Protect|||M|||50|]Rotom-Wash||SitrusBerry|Levitate|HydroPump,Thunderbolt,Protect,WillOWisp||||||50|]Aegislash||Leftovers|StanceChange|FlashCannon,ShadowBall,KingsShield,Substitute|||F|||50|\n|showteam|p2|Floette-Eternal||Floettite|FlowerVeil|LightofRuin,DazzlingGleam,Protect,CalmMind|||F|||50|]Incineroar||SitrusBerry|Intimidate|FakeOut,FlareBlitz,PartingShot,LashOut|||F|||50|]Sneasler||WhiteHerb|Unburden|CloseCombat,DireClaw,FakeOut,Protect|||M|||50|]Garchomp||SoftSand|RoughSkin|Earthquake,RockSlide,DragonClaw,Protect|||M|||50|]Rotom-Wash||Leftovers|Levitate|Thunderbolt,HydroPump,WillOWisp,Protect||||||50|]Ninetales-Alola||FocusSash|SnowWarning|AuroraVeil,Blizzard,IcyWind,Protect|||M|||50|\n|inactive|Battle timer is ON: inactive players will automatically lose when time's up. (requested by holdingb)\n|inactive|alone0007 also wants the timer to be on.\n|j| OnToTheOther\n|inactive|holdingb has 60 seconds left.\n|inactive|alone0007 has 60 seconds left.\n|\n|t:|1776229954\n|teamsize|p1|4\n|teamsize|p2|4\n|start\n|switch|p1a: Kangaskhan|Kangaskhan, L50, F|100/100\n|switch|p1b: Gardevoir|Gardevoir, L50, F|100/100\n|switch|p2a: Garchomp|Garchomp, L50, M|100/100\n|switch|p2b: Ninetales|Ninetales-Alola, L50, M|100/100\n|-ability|p1b: Gardevoir|Rough Skin|Trace|[from] ability: Trace|[of] p2a: Garchomp\n|-weather|Snowscape|[from] ability: Snow Warning|[of] p2b: Ninetales\n|turn|1\n|j| flyingmantis\n|l| flyingmantis\n|inactive|holdingb has 30 seconds left.\n|\n|t:|1776229981\n|detailschange|p1a: Kangaskhan|Kangaskhan-Mega, L50, F\n|-mega|p1a: Kangaskhan|Kangaskhan|Kangaskhanite\n|move|p1a: Kangaskhan|Fake Out|p2b: Ninetales\n|-damage|p2b: Ninetales|80/100\n|-damage|p2b: Ninetales|77/100\n|-hitcount|p2b: Ninetales|2\n|move|p1b: Gardevoir|Moonblast|p2a: Garchomp\n|-supereffective|p2a: Garchomp|1\n|-damage|p2a: Garchomp|0 fnt\n|faint|p2a: Garchomp\n|cant|p2b: Ninetales|flinch\n|\n|-weather|Snowscape|[upkeep]\n|upkeep\n|\n|t:|1776229990\n|switch|p2a: Floette|Floette-Eternal, L50, F|100/100\n|turn|2\n|\n|t:|1776230004\n|detailschange|p2a: Floette|Floette-Mega, L50, F\n|-mega|p2a: Floette|Floette|Floettite\n|-ability|p2a: Floette|Fairy Aura\n|move|p1b: Gardevoir|Moonblast|p2b: Ninetales\n|-crit|p2b: Ninetales\n|-damage|p2b: Ninetales|0 fnt\n|faint|p2b: Ninetales\n|move|p2a: Floette|Calm Mind|p2a: Floette\n|-boost|p2a: Floette|spa|1\n|-boost|p2a: Floette|spd|1\n|move|p1a: Kangaskhan|Double-Edge|p2a: Floette\n|-damage|p2a: Floette|14/100\n|-damage|p2a: Floette|0 fnt\n|faint|p2a: Floette\n|-hitcount|p2: Floette|2\n|-damage|p1a: Kangaskhan|73/100|[from] Recoil\n|\n|-weather|Snowscape|[upkeep]\n|upkeep\n|\n|t:|1776230012\n|switch|p2b: Incineroar|Incineroar, L50, F|100/100\n|-ability|p2b: Incineroar|Intimidate|boost\n|-unboost|p1a: Kangaskhan|atk|1\n|-unboost|p1b: Gardevoir|atk|1\n|turn|3\n|c|\u2606alone0007|Lmaooo\n|c|\u2606alone0007|Gg\n|c|\u2606holdingb|gg\n|\n|t:|1776230020\n|move|p2b: Incineroar|Fake Out|p1a: Kangaskhan\n|-damage|p1a: Kangaskhan|62/100\n|move|p1b: Gardevoir|Moonblast|p2b: Incineroar\n|-damage|p2b: Incineroar|69/100\n|-unboost|p2b: Incineroar|spa|1\n|cant|p1a: Kangaskhan|flinch\n|\n|-weather|Snowscape|[upkeep]\n|upkeep\n|turn|4\n|\n|t:|1776230026\n|move|p1b: Gardevoir|Moonblast|p2b: Incineroar\n|-damage|p2b: Incineroar|38/100\n|-unboost|p2b: Incineroar|spa|1\n|-enditem|p2b: Incineroar|Sitrus Berry|[eat]\n|-heal|p2b: Incineroar|62/100|[from] item: Sitrus Berry\n|move|p1a: Kangaskhan|Drain Punch|p2b: Incineroar\n|-supereffective|p2b: Incineroar|1\n|-damage|p2b: Incineroar|29/100\n|-heal|p1a: Kangaskhan|81/100|[from] drain|[of] p2b: Incineroar\n|-supereffective|p2b: Incineroar|1\n|-damage|p2b: Incineroar|20/100\n|-heal|p1a: Kangaskhan|86/100|[from] drain|[of] p2b: Incineroar\n|-hitcount|p2b: Incineroar|2\n|move|p2b: Incineroar|Flare Blitz|p1b: Gardevoir\n|-damage|p1b: Gardevoir|20/100\n|-damage|p2b: Incineroar|7/100|[from] ability: Rough Skin|[of] p1b: Gardevoir\n|-damage|p2b: Incineroar|0 fnt|[from] Recoil\n|faint|p2b: Incineroar\n|\n|win|holdingb\n|n|\u2606holdingb|holdingb\n|n|\u2606alone0007|alone0007\n|n| OnToTheOther|ontotheother\n",
  "uploadtime": 1776230029,
  "views": 18,
  "formatid": "gen9championsvgc2026regma",
  "rating": null,
  "private": 0,
  "password": null
}