{
  "id": "gen9championsvgc2026regma-2585913256",
  "format": "[Gen 9 Champions] VGC 2026 Reg M-A",
  "players": [
    "ElNumberWan",
    "mrwheel"
  ],
  "log": "|j|\u2606ElNumberWan\n|j|\u2606mrwheel\n|t:|1776380899\n|gametype|doubles\n|player|p1|ElNumberWan|benga|1295\n|player|p2|mrwheel|bugcatcher-gen4dp|1326\n|gen|9\n|tier|[Gen 9 Champions] VGC 2026 Reg M-A\n|rated|\n|rule|Species Clause: Limit one of each Pok\u00e9mon\n|rule|Item Clause: Limit 1 of each item\n|clearpoke\n|poke|p1|Basculegion, L50, M|\n|poke|p1|Archaludon, L50, M|\n|poke|p1|Pelipper, L50, F|\n|poke|p1|Maushold-Four, L50|\n|poke|p1|Aegislash, L50, M|\n|poke|p1|Sneasler, L50, M|\n|poke|p2|Venusaur, L50, M|\n|poke|p2|Garchomp, L50, M|\n|poke|p2|Pelipper, L50, M|\n|poke|p2|Kingambit, L50, F|\n|poke|p2|Charizard, L50, M|\n|poke|p2|Sableye, L50, M|\n|teampreview|4\n|\n|t:|1776380924\n|teamsize|p1|4\n|teamsize|p2|4\n|start\n|switch|p1a: Aegislash|Aegislash, L50, M, shiny|100/100\n|switch|p1b: Sneasler|Sneasler, L50, M, shiny|100/100\n|switch|p2a: Charizard|Charizard, L50, M|100/100\n|switch|p2b: Sableye|Sableye, L50, M|100/100\n|turn|1\n|\n|t:|1776380941\n|move|p2a: Charizard|Protect|p2a: Charizard\n|-singleturn|p2a: Charizard|Protect\n|move|p1b: Sneasler|Fake Out|p2a: Charizard\n|-activate|p2a: Charizard|move: Protect\n|move|p2b: Sableye|Will-O-Wisp|p1b: Sneasler\n|-status|p1b: Sneasler|brn\n|-formechange|p1a: Aegislash|Aegislash-Blade|\n|move|p1a: Aegislash|Shadow Ball|p2b: Sableye\n|-damage|p2b: Sableye|43/100\n|\n|-damage|p1b: Sneasler|95/100 brn|[from] brn\n|upkeep\n|turn|2\n|\n|t:|1776380966\n|detailschange|p2a: Charizard|Charizard-Mega-X, L50, M\n|-mega|p2a: Charizard|Charizard|Charizardite X\n|move|p1a: Aegislash|Wide Guard|p1a: Aegislash\n|-singleturn|p1a: Aegislash|Wide Guard\n|move|p2b: Sableye|Will-O-Wisp|p1a: Aegislash\n|-status|p1a: Aegislash|brn\n|move|p1b: Sneasler|Dire Claw|p2a: Charizard\n|-damage|p2a: Charizard|80/100\n|-status|p2a: Charizard|psn\n|move|p2a: Charizard|Dragon Dance|p2a: Charizard\n|-boost|p2a: Charizard|atk|1\n|-boost|p2a: Charizard|spe|1\n|\n|-damage|p2a: Charizard|67/100 psn|[from] psn\n|-damage|p1b: Sneasler|89/100 brn|[from] brn\n|-damage|p1a: Aegislash|95/100 brn|[from] brn\n|upkeep\n|turn|3\n|\n|t:|1776380989\n|switch|p1a: Pelipper|Pelipper, L50, F, shiny|100/100\n|-weather|RainDance|[from] ability: Drizzle|[of] p1a: Pelipper\n|move|p2b: Sableye|Encore||[still]\n|-fail|p2b: Sableye\n|move|p2a: Charizard|Dragon Claw|p1b: Sneasler\n|-damage|p1b: Sneasler|0 fnt\n|faint|p1b: Sneasler\n|\n|-weather|RainDance|[upkeep]\n|-damage|p2a: Charizard|55/100 psn|[from] psn\n|upkeep\n|\n|t:|1776380999\n|switch|p1b: Basculegion|Basculegion, L50, M, shiny|100/100\n|turn|4\n|\n|t:|1776381006\n|move|p2a: Charizard|Protect|p2a: Charizard\n|-singleturn|p2a: Charizard|Protect\n|move|p1b: Basculegion|Aqua Jet|p2b: Sableye\n|-damage|p2b: Sableye|2/100\n|move|p1a: Pelipper|Weather Ball|p2a: Charizard\n|-activate|p2a: Charizard|move: Protect\n|move|p2b: Sableye|Foul Play|p1b: Basculegion\n|-supereffective|p1b: Basculegion|1\n|-damage|p1b: Basculegion|0 fnt\n|faint|p1b: Basculegion\n|\n|-weather|RainDance|[upkeep]\n|-damage|p2a: Charizard|42/100 psn|[from] psn\n|upkeep\n|-message|ElNumberWan forfeited.\n|\n|win|mrwheel\n|raw|ElNumberWan's rating: 1295 &rarr; <strong>1272</strong><br />(-23 for losing)\n|raw|mrwheel's rating: 1326 &rarr; <strong>1344</strong><br />(+18 for winning)\n|l|\u2606ElNumberWan\n|player|p1|\n",
  "uploadtime": 1776381021,
  "views": 36,
  "formatid": "gen9championsvgc2026regma",
  "rating": 1272,
  "private": 0,
  "password": null
}