{
  "id": "gen9championsvgc2026regma-2580752215",
  "format": "[Gen 9 Champions] VGC 2026 Reg M-A",
  "players": [
    "unovan glazer",
    "azraft"
  ],
  "log": "|j|\u2606unovan glazer\n|j|\u2606azraft\n|t:|1775929591\n|gametype|doubles\n|player|p1|unovan glazer|caitlin|1180\n|player|p2|azraft|youngster-gen4dp|1141\n|gen|9\n|tier|[Gen 9 Champions] VGC 2026 Reg M-A\n|rated|\n|rule|Species Clause: Limit one of each Pok\u00e9mon\n|rule|Item Clause: Limit 1 of each item\n|clearpoke\n|poke|p1|Chandelure, L50, F|\n|poke|p1|Torkoal, L50, M|\n|poke|p1|Farigiraf, L50, F|\n|poke|p1|Whimsicott, L50, F|\n|poke|p1|Sneasler, L50, F|\n|poke|p1|Typhlosion-Hisui, L50, M|\n|poke|p2|Tyranitar, L50, M|\n|poke|p2|Excadrill, L50, M|\n|poke|p2|Corviknight, L50, F|\n|poke|p2|Rotom-Wash, L50|\n|poke|p2|Sinistcha, L50|\n|poke|p2|Sneasler, L50, M|\n|teampreview|4\n|inactive|Battle timer is ON: inactive players will automatically lose when time's up. (requested by azraft)\nazraft rejected open team sheets.\n|\n|t:|1775929627\n|teamsize|p1|4\n|teamsize|p2|4\n|start\n|switch|p1a: Sneasler|Sneasler, L50, F|100/100\n|switch|p1b: Typhlosion|Typhlosion-Hisui, L50, M|100/100\n|switch|p2a: Sneasler|Sneasler, L50, M|100/100\n|switch|p2b: Tyranitar|Tyranitar, L50, M|100/100\n|-item|p2a: Sneasler|White Herb|[from] ability: Frisk|[of] p1b: Typhlosion\n|-item|p2b: Tyranitar|Tyranitarite|[from] ability: Frisk|[of] p1b: Typhlosion\n|-weather|Sandstorm|[from] ability: Sand Stream|[of] p2b: Tyranitar\n|turn|1\n|inactive|azraft has 30 seconds left.\n|\n|t:|1775929655\n|move|p2b: Tyranitar|Protect|p2b: Tyranitar\n|-singleturn|p2b: Tyranitar|Protect\n|move|p2a: Sneasler|Fake Out|p1a: Sneasler\n|-damage|p1a: Sneasler|72/100\n|cant|p1a: Sneasler|flinch\n|move|p1b: Typhlosion|Eruption|p2a: Sneasler|[spread] p2a\n|-activate|p2b: Tyranitar|move: Protect\n|-damage|p2a: Sneasler|30/100\n|\n|-weather|Sandstorm|[upkeep]\n|-damage|p1b: Typhlosion|94/100|[from] Sandstorm\n|-damage|p2a: Sneasler|24/100|[from] Sandstorm\n|-damage|p1a: Sneasler|66/100|[from] Sandstorm\n|upkeep\n|turn|2\n|inactive|azraft has 30 seconds left.\n|inactive|azraft has 20 seconds left.\n|inactive|azraft has 15 seconds left.\n|\n|t:|1775929696\n|detailschange|p2b: Tyranitar|Tyranitar-Mega, L50, M\n|-mega|p2b: Tyranitar|Tyranitar|Tyranitarite\n|move|p2a: Sneasler|Protect|p2a: Sneasler\n|-singleturn|p2a: Sneasler|Protect\n|move|p1b: Typhlosion|Eruption|p2b: Tyranitar|[spread] p2b\n|-activate|p2a: Sneasler|move: Protect\n|-resisted|p2b: Tyranitar|1\n|-damage|p2b: Tyranitar|87/100\n|move|p1a: Sneasler|Close Combat|p2b: Tyranitar\n|-supereffective|p2b: Tyranitar|2\n|-damage|p2b: Tyranitar|0 fnt\n|-unboost|p1a: Sneasler|def|1\n|-unboost|p1a: Sneasler|spd|1\n|faint|p2b: Tyranitar\n|-enditem|p1a: Sneasler|White Herb\n|-clearnegativeboost|p1a: Sneasler|[silent]\n|\n|-weather|Sandstorm|[upkeep]\n|-damage|p1a: Sneasler|60/100|[from] Sandstorm\n|-damage|p1b: Typhlosion|88/100|[from] Sandstorm\n|-damage|p2a: Sneasler|18/100|[from] Sandstorm\n|upkeep\n|\n|t:|1775929709\n|switch|p2b: Rotom|Rotom-Wash, L50|100/100\n|turn|3\n|\n|t:|1775929718\n|move|p1a: Sneasler|Close Combat|p2b: Rotom\n|-crit|p2b: Rotom\n|-damage|p2b: Rotom|0 fnt\n|-unboost|p1a: Sneasler|def|1\n|-unboost|p1a: Sneasler|spd|1\n|faint|p2b: Rotom\n|move|p1b: Typhlosion|Eruption|p2a: Sneasler\n|-damage|p2a: Sneasler|0 fnt\n|faint|p2a: Sneasler\n|\n|-weather|Sandstorm|[upkeep]\n|-damage|p1a: Sneasler|55/100|[from] Sandstorm\n|-damage|p1b: Typhlosion|82/100|[from] Sandstorm\n|upkeep\n|-message|azraft forfeited.\n|\n|win|unovan glazer\n|raw|unovan glazer's rating: 1180 &rarr; <strong>1202</strong><br />(+22 for winning)\n|raw|azraft's rating: 1141 &rarr; <strong>1119</strong><br />(-22 for losing)\n|l|\u2606azraft\n|player|p2|\n|l|\u2606unovan glazer\n|player|p1|\n|j|\u2606unovan glazer\n|player|p1|unovan glazer|caitlin|\n",
  "uploadtime": 1775929741,
  "views": 22,
  "formatid": "gen9championsvgc2026regma",
  "rating": 1119,
  "private": 0,
  "password": null
}