{
  "id": "gen9championsvgc2026regma-2584809622",
  "format": "[Gen 9 Champions] VGC 2026 Reg M-A",
  "players": [
    "lousomes98",
    "solitude knight"
  ],
  "log": "|j|\u2606lousomes98\n|j|\u2606solitude knight\n|t:|1776285297\n|gametype|doubles\n|player|p1|lousomes98|blue|1061\n|player|p2|solitude knight|265|1000\n|gen|9\n|tier|[Gen 9 Champions] VGC 2026 Reg M-A\n|rated|\n|rule|Species Clause: Limit one of each Pok\u00e9mon\n|rule|Item Clause: Limit 1 of each item\n|clearpoke\n|poke|p1|Serperior, L50, M|\n|poke|p1|Empoleon, L50, M|\n|poke|p1|Absol, L50, M|\n|poke|p1|Clefable, L50, F|\n|poke|p1|Morpeko, L50, M|\n|poke|p1|Armarouge, L50, F|\n|poke|p2|Garchomp, L50, F|\n|poke|p2|Sinistcha, L50|\n|poke|p2|Aerodactyl, L50, F|\n|poke|p2|Rotom-Wash, L50|\n|poke|p2|Clefable, L50, M|\n|poke|p2|Delphox, L50, M|\n|teampreview|4\n|inactive|Battle timer is ON: inactive players will automatically lose when time's up. (requested by lousomes98)\n|\n|t:|1776285354\n|teamsize|p1|4\n|teamsize|p2|4\n|start\n|switch|p1a: Empoleon|Empoleon, L50, M|100/100\n|switch|p1b: Morpeko|Morpeko, L50, M|100/100\n|switch|p2a: Aerodactyl|Aerodactyl, L50, F|100/100\n|switch|p2b: Garchomp|Garchomp, L50, F|100/100\n|-ability|p2a: Aerodactyl|Unnerve\n|turn|1\n|inactive|lousomes98 has 30 seconds left.\n|\n|t:|1776285379\n|move|p1b: Morpeko|Fake Out|p2a: Aerodactyl\n|-resisted|p2a: Aerodactyl|1\n|-damage|p2a: Aerodactyl|94/100\n|cant|p2a: Aerodactyl|flinch\n|move|p2b: Garchomp|Swords Dance|p2b: Garchomp\n|-boost|p2b: Garchomp|atk|2\n|move|p1a: Empoleon|Surf|p2b: Garchomp|[spread] p1b,p2a,p2b\n|-supereffective|p2a: Aerodactyl|1\n|-damage|p1b: Morpeko|40/100\n|-damage|p2a: Aerodactyl|7/100\n|-damage|p2b: Garchomp|63/100\n|\n|-formechange|p1b: Morpeko|Morpeko-Hangry|\n|upkeep\n|turn|2\n|\n|t:|1776285396\n|move|p2a: Aerodactyl|Tailwind|p2a: Aerodactyl\n|-sidestart|p2: solitude knight|move: Tailwind\n|move|p2b: Garchomp|Earthquake|p1a: Empoleon|[spread] p1a,p1b\n|-immune|p2a: Aerodactyl\n|-supereffective|p1a: Empoleon|1\n|-supereffective|p1b: Morpeko|1\n|-damage|p1a: Empoleon|0 fnt\n|-damage|p1b: Morpeko|0 fnt\n|faint|p1a: Empoleon\n|faint|p1b: Morpeko\n|\n|upkeep\n|\n|t:|1776285406\n|switch|p1b: Clefable|Clefable, L50, F|100/100\n|switch|p1a: Absol|Absol, L50, M|100/100\n|turn|3\n|\n|t:|1776285419\n|switch|p2a: Sinistcha|Sinistcha, L50|100/100\n|-heal|p2b: Garchomp|87/100|[from] ability: Hospitality|[of] p2a: Sinistcha\n|detailschange|p1b: Clefable|Clefable-Mega, L50, F\n|-mega|p1b: Clefable|Clefable|Clefablite\n|move|p1a: Absol|Sucker Punch||[still]\n|-fail|p1a: Absol\n|move|p2b: Garchomp|Poison Jab|p1b: Clefable\n|-supereffective|p1b: Clefable|1\n|-damage|p1b: Clefable|0 fnt\n|faint|p1b: Clefable\n|\n|upkeep\n|turn|4\n|\n|t:|1776285437\n|move|p2a: Sinistcha|Protect|p2a: Sinistcha\n|-singleturn|p2a: Sinistcha|Protect\n|move|p2b: Garchomp|Earthquake|p1a: Absol|[spread] p1a\n|-activate|p2a: Sinistcha|move: Protect\n|-damage|p1a: Absol|0 fnt\n|faint|p1a: Absol\n|\n|win|solitude knight\n|raw|lousomes98's rating: 1061 &rarr; <strong>1039</strong><br />(-22 for losing)\n|raw|solitude knight's rating: 1000 &rarr; <strong>1047</strong><br />(+47 for winning)\n|c|\u2606solitude knight|gg\n",
  "uploadtime": 1776285445,
  "views": 27,
  "formatid": "gen9championsvgc2026regma",
  "rating": 1039,
  "private": 0,
  "password": null
}