{
  "id": "gen9championsvgc2026regma-2584726415",
  "format": "[Gen 9 Champions] VGC 2026 Reg M-A",
  "players": [
    "gta44",
    "lulvdisc"
  ],
  "log": "|j|\u203dgta44\n|j|\u2606lulvdisc\n|t:|1776279357\n|gametype|doubles\n|player|p1|gta44|169|1203\n|player|p2|lulvdisc|169|1138\n|gen|9\n|tier|[Gen 9 Champions] VGC 2026 Reg M-A\n|rated|\n|rule|Species Clause: Limit one of each Pok\u00e9mon\n|rule|Item Clause: Limit 1 of each item\n|clearpoke\n|poke|p1|Whimsicott, L50, F|\n|poke|p1|Typhlosion-Hisui, L50, F|\n|poke|p1|Tsareena, L50, F|\n|poke|p1|Charizard, L50, M|\n|poke|p1|Sneasler, L50, M|\n|poke|p1|Arcanine-Hisui, L50, F|\n|poke|p2|Pelipper, L50, M|\n|poke|p2|Archaludon, L50, F|\n|poke|p2|Dragonite, L50, F|\n|poke|p2|Basculegion, L50, M|\n|poke|p2|Rotom-Mow, L50|\n|poke|p2|Tauros-Paldea-Blaze, L50, M|\n|teampreview|4\n|inactive|Battle timer is ON: inactive players will automatically lose when time's up. (requested by lulvdisc)\n|\n|t:|1776279410\n|teamsize|p1|4\n|teamsize|p2|4\n|start\n|switch|p1a: Whimsicott|Whimsicott, L50, F|100/100\n|switch|p1b: Charizard|Charizard, L50, M|100/100\n|switch|p2a: Dragonite|Dragonite, L50, F|100/100\n|switch|p2b: Basculegion|Basculegion, L50, M|100/100\n|turn|1\n|inactive|gta44 has 30 seconds left.\n|\n|t:|1776279436\n|detailschange|p1b: Charizard|Charizard-Mega-Y, L50, M\n|-mega|p1b: Charizard|Charizard|Charizardite Y\n|-weather|SunnyDay|[from] ability: Drought|[of] p1b: Charizard\n|detailschange|p2a: Dragonite|Dragonite-Mega, L50, F\n|-mega|p2a: Dragonite|Dragonite|Dragoninite\n|move|p2b: Basculegion|Flip Turn|p1a: Whimsicott\n|-resisted|p1a: Whimsicott|1\n|-damage|p1a: Whimsicott|86/100\n|\n|t:|1776279444\n|switch|p2b: Pelipper|Pelipper, L50, M|100/100|[from] Flip Turn\n|-weather|RainDance|[from] ability: Drizzle|[of] p2b: Pelipper\n|move|p1a: Whimsicott|Moonblast|p2a: Dragonite\n|-supereffective|p2a: Dragonite|1\n|-damage|p2a: Dragonite|77/100\n|move|p1b: Charizard|Heat Wave|p2b: Pelipper|[spread] p2a,p2b\n|-resisted|p2a: Dragonite|1\n|-resisted|p2b: Pelipper|1\n|-damage|p2a: Dragonite|71/100\n|-damage|p2b: Pelipper|82/100\n|move|p2a: Dragonite|Icy Wind|p1a: Whimsicott|[spread] p1a,p1b\n|-supereffective|p1a: Whimsicott|1\n|-damage|p1a: Whimsicott|38/100\n|-damage|p1b: Charizard|86/100\n|-unboost|p1a: Whimsicott|spe|1\n|-unboost|p1b: Charizard|spe|1\n|\n|-weather|RainDance|[upkeep]\n|upkeep\n|turn|2\n|inactive|gta44 has 30 seconds left.\n|\n|t:|1776279470\n|move|p1a: Whimsicott|Tailwind|p1a: Whimsicott\n|-sidestart|p1: gta44|move: Tailwind\n|move|p1b: Charizard|Air Slash|p2b: Pelipper\n|-damage|p2b: Pelipper|6/100\n|move|p2a: Dragonite|Icy Wind|p1a: Whimsicott|[spread] p1a,p1b\n|-supereffective|p1a: Whimsicott|1\n|-damage|p1a: Whimsicott|0 fnt\n|-damage|p1b: Charizard|71/100\n|-unboost|p1b: Charizard|spe|1\n|faint|p1a: Whimsicott\n|move|p2b: Pelipper|Tailwind|p2b: Pelipper\n|-sidestart|p2: lulvdisc|move: Tailwind\n|\n|-weather|RainDance|[upkeep]\n|upkeep\n|inactive|gta44 has 30 seconds left.\n|\n|t:|1776279499\n|switch|p1a: Tsareena|Tsareena, L50, F|100/100\n|turn|3\n|\n|t:|1776279513\n|move|p1b: Charizard|Protect|p1b: Charizard\n|-singleturn|p1b: Charizard|Protect\n|move|p2a: Dragonite|Icy Wind|p1b: Charizard|[spread] p1a\n|-activate|p1b: Charizard|move: Protect\n|-supereffective|p1a: Tsareena|1\n|-damage|p1a: Tsareena|71/100\n|-unboost|p1a: Tsareena|spe|1\n|move|p2b: Pelipper|Weather Ball|p1b: Charizard\n|-activate|p1b: Charizard|move: Protect\n|move|p1a: Tsareena|Triple Axel|p2a: Dragonite\n|-supereffective|p2a: Dragonite|2\n|-damage|p2a: Dragonite|42/100\n|-supereffective|p2a: Dragonite|2\n|-damage|p2a: Dragonite|0 fnt\n|faint|p2a: Dragonite\n|-hitcount|p2: Dragonite|2\n|\n|-weather|RainDance|[upkeep]\n|upkeep\n|\n|t:|1776279518\n|switch|p2a: Archaludon|Archaludon, L50, F|100/100\n|turn|4\n|\n|t:|1776279535\n|move|p2b: Pelipper|Hurricane|p1a: Tsareena\n|-supereffective|p1a: Tsareena|1\n|-damage|p1a: Tsareena|0 fnt\n|faint|p1a: Tsareena\n|move|p2a: Archaludon|Electro Shot||[still]\n|-prepare|p2a: Archaludon|Electro Shot\n|-boost|p2a: Archaludon|spa|1\n|-anim|p2a: Archaludon|Electro Shot|p1b: Charizard\n|-supereffective|p1b: Charizard|1\n|-damage|p1b: Charizard|0 fnt\n|faint|p1b: Charizard\n|\n|-weather|RainDance|[upkeep]\n|upkeep\n|-message|gta44 forfeited.\n|\n|win|lulvdisc\n|raw|gta44's rating: 1203 &rarr; <strong>1173</strong><br />(-30 for losing)\n|raw|lulvdisc's rating: 1138 &rarr; <strong>1168</strong><br />(+30 for winning)\n",
  "uploadtime": 1776279545,
  "views": 30,
  "formatid": "gen9championsvgc2026regma",
  "rating": 1168,
  "private": 0,
  "password": null
}