{
  "id": "gen9championsvgc2026regma-2586605179",
  "format": "[Gen 9 Champions] VGC 2026 Reg M-A",
  "players": [
    "Euphraxia",
    "buglover9"
  ],
  "log": "|j|\u2606Euphraxia\n|j|\u2606buglover9\n|t:|1776446266\n|gametype|doubles\n|player|p1|Euphraxia|maid|1032\n|player|p2|buglover9|bugcatcher-gen4dp|1040\n|gen|9\n|tier|[Gen 9 Champions] VGC 2026 Reg M-A\n|rated|\n|rule|Species Clause: Limit one of each Pok\u00e9mon\n|rule|Item Clause: Limit 1 of each item\n|clearpoke\n|poke|p1|Archaludon, L50, M|\n|poke|p1|Pelipper, L50, M|\n|poke|p1|Floette-Eternal, L50, F|\n|poke|p1|Sinistcha, L50|\n|poke|p1|Meganium, L50, M|\n|poke|p1|Incineroar, L50, F|\n|poke|p2|Araquanid, L50, M|\n|poke|p2|Arcanine, L50, M|\n|poke|p2|Kommo-o, L50, M|\n|poke|p2|Kangaskhan, L50, F|\n|poke|p2|Sinistcha, L50|\n|poke|p2|Clefable, L50, F|\n|teampreview|4\nEuphraxia rejected open team sheets.\n|\n|t:|1776446296\n|teamsize|p1|4\n|teamsize|p2|4\n|start\n|switch|p1a: Pelipper|Pelipper, L50, M|100/100\n|switch|p1b: Archaludon|Archaludon, L50, M|100/100\n|switch|p2a: Kommo-o|Kommo-o, L50, M|100/100\n|switch|p2b: Kangaskhan|Kangaskhan, L50, F|100/100\n|-weather|RainDance|[from] ability: Drizzle|[of] p1a: Pelipper\n|turn|1\n|inactive|Battle timer is ON: inactive players will automatically lose when time's up. (requested by buglover9)\n|\n|t:|1776446323\n|move|p2b: Kangaskhan|Fake Out|p1b: Archaludon\n|-resisted|p1b: Archaludon|1\n|-damage|p1b: Archaludon|93/100\n|-ability|p1b: Archaludon|Stamina|boost\n|-boost|p1b: Archaludon|def|1\n|move|p2a: Kommo-o|Clangorous Soul|p2a: Kommo-o\n|-boost|p2a: Kommo-o|atk|1\n|-boost|p2a: Kommo-o|def|1\n|-boost|p2a: Kommo-o|spa|1\n|-boost|p2a: Kommo-o|spd|1\n|-boost|p2a: Kommo-o|spe|1\n|-damage|p2a: Kommo-o|68/100\n|cant|p1b: Archaludon|flinch\n|move|p1a: Pelipper|Hurricane|p2a: Kommo-o\n|-supereffective|p2a: Kommo-o|1\n|-damage|p2a: Kommo-o|0 fnt\n|faint|p2a: Kommo-o\n|\n|-weather|RainDance|[upkeep]\n|upkeep\n|n|!buglover9|buglover9\n|-message|buglover9 forfeited.\n|\n|win|Euphraxia\n|raw|Euphraxia's rating: 1032 &rarr; <strong>1068</strong><br />(+36 for winning)\n|raw|buglover9's rating: 1040 &rarr; <strong>1024</strong><br />(-16 for losing)\n|l|!buglover9\n|player|p2|\n",
  "uploadtime": 1776446338,
  "views": 32,
  "formatid": "gen9championsvgc2026regma",
  "rating": 1024,
  "private": 0,
  "password": null
}