{
  "id": "gen9championsvgc2026regma-2582086096",
  "format": "[Gen 9 Champions] VGC 2026 Reg M-A",
  "players": [
    "lakeandbake",
    "dkkahsbdjaua"
  ],
  "log": "|j|\u203dlakeandbake\n|j|\u2606dkkahsbdjaua\n|t:|1776056096\n|gametype|doubles\n|player|p1|lakeandbake|iono-masters|1176\n|player|p2|dkkahsbdjaua|2|1083\n|gen|9\n|tier|[Gen 9 Champions] VGC 2026 Reg M-A\n|rated|\n|rule|Species Clause: Limit one of each Pok\u00e9mon\n|rule|Item Clause: Limit 1 of each item\n|clearpoke\n|poke|p1|Aerodactyl, L50, M|\n|poke|p1|Rotom-Wash, L50|\n|poke|p1|Sneasler, L50, F|\n|poke|p1|Incineroar, L50, M|\n|poke|p1|Delphox, L50, F|\n|poke|p1|Garchomp, L50, F|\n|poke|p2|Farigiraf, L50, F|\n|poke|p2|Gallade, L50, M|\n|poke|p2|Maushold-Four, L50|\n|poke|p2|Archaludon, L50, F|\n|poke|p2|Lucario, L50, F|\n|poke|p2|Pelipper, L50, M|\n|teampreview|4\n|inactive|Battle timer is ON: inactive players will automatically lose when time's up. (requested by dkkahsbdjaua)\n|inactive|lakeandbake has 60 seconds left.\n|inactive|lakeandbake has 30 seconds left.\n|inactive|lakeandbake has 20 seconds left.\n|inactive|lakeandbake has 15 seconds left.\n|inactive|lakeandbake has 10 seconds left.\n|inactive|lakeandbake has 5 seconds left.\ndkkahsbdjaua rejected open team sheets.\n|\n|t:|1776056185\n|teamsize|p1|4\n|teamsize|p2|4\n|start\n|switch|p1a: Garchomp|Garchomp, L50, F|100/100\n|switch|p1b: Aerodactyl|Aerodactyl, L50, M|100/100\n|switch|p2a: Lucario|Lucario, L50, F|100/100\n|switch|p2b: Maushold|Maushold-Four, L50|100/100\n|-ability|p1b: Aerodactyl|Pressure\n|turn|1\n|inactive|lakeandbake has 30 seconds left.\n|\n|t:|1776056218\n|move|p2b: Maushold|Feint|p1b: Aerodactyl\n|-resisted|p1b: Aerodactyl|1\n|-damage|p1b: Aerodactyl|95/100\n|move|p1a: Garchomp|Earthquake|p2a: Lucario|[spread] p2a,p2b\n|-immune|p1b: Aerodactyl\n|-supereffective|p2a: Lucario|1\n|-damage|p2a: Lucario|29/100\n|-damage|p2b: Maushold|49/100\n|move|p2a: Lucario|Final Gambit|p1b: Aerodactyl\n|-damage|p1b: Aerodactyl|65/100\n|faint|p2a: Lucario\n|move|p1b: Aerodactyl|Rock Slide|p2b: Maushold\n|-damage|p2b: Maushold|8/100\n|\n|upkeep\n|\n|t:|1776056228\n|switch|p2a: Gallade|Gallade, L50, M|100/100\n|turn|2\n|\n|t:|1776056235\n|move|p1a: Garchomp|Earthquake|p2b: Maushold|[spread] p2a,p2b\n|-immune|p1b: Aerodactyl\n|-damage|p2a: Gallade|47/100\n|-damage|p2b: Maushold|0 fnt\n|faint|p2b: Maushold\n|move|p1b: Aerodactyl|Dual Wingbeat|p2a: Gallade\n|-supereffective|p2a: Gallade|1\n|-damage|p2a: Gallade|0 fnt\n|faint|p2a: Gallade\n|-hitcount|p2: Gallade|1\n|\n|upkeep\n|-message|dkkahsbdjaua forfeited.\n|\n|win|lakeandbake\n|raw|lakeandbake's rating: 1176 &rarr; <strong>1194</strong><br />(+18 for winning)\n|raw|dkkahsbdjaua's rating: 1083 &rarr; <strong>1066</strong><br />(-17 for losing)\n",
  "uploadtime": 1776056240,
  "views": 12,
  "formatid": "gen9championsvgc2026regma",
  "rating": 1066,
  "private": 0,
  "password": null
}