{
  "id": "gen9championsvgc2026regma-2585365454",
  "format": "[Gen 9 Champions] VGC 2026 Reg M-A",
  "players": [
    "jnvjewvn",
    "Ibhaansfuckassteam"
  ],
  "log": "|j|\u2606jnvjewvn\n|j|\u2606Ibhaansfuckassteam\n|t:|1776341682\n|gametype|doubles\n|player|p1|jnvjewvn|1|1040\n|player|p2|Ibhaansfuckassteam|ghetsis-gen5bw|1000\n|gen|9\n|tier|[Gen 9 Champions] VGC 2026 Reg M-A\n|rated|\n|rule|Species Clause: Limit one of each Pok\u00e9mon\n|rule|Item Clause: Limit 1 of each item\n|clearpoke\n|poke|p1|Hawlucha, L50, F|\n|poke|p1|Mr. Rime, L50, M|\n|poke|p1|Excadrill, L50, F|\n|poke|p1|Diggersby, L50, F|\n|poke|p1|Talonflame, L50, M|\n|poke|p1|Aerodactyl, L50, M|\n|poke|p2|Sylveon, L50, M|\n|poke|p2|Froslass, L50, F|\n|poke|p2|Archaludon, L50, F|\n|poke|p2|Aerodactyl, L50, F|\n|poke|p2|Typhlosion-Hisui, L50, F|\n|poke|p2|Hawlucha, L50, F|\n|teampreview|4\n|\n|t:|1776341742\n|teamsize|p1|4\n|teamsize|p2|4\n|start\n|switch|p1a: Hawlucha|Hawlucha, L50, F|100/100\n|switch|p1b: Diggersby|Diggersby, L50, F|100/100\n|switch|p2a: Froslass|Froslass, L50, F|100/100\n|switch|p2b: Aerodactyl|Aerodactyl, L50, F|100/100\n|-ability|p2b: Aerodactyl|Unnerve\n|-ability|p1a: Hawlucha|Mold Breaker\n|turn|1\n|\n|t:|1776341763\n|detailschange|p1a: Hawlucha|Hawlucha-Mega, L50, F\n|-mega|p1a: Hawlucha|Hawlucha|Hawluchanite\n|detailschange|p2a: Froslass|Froslass-Mega, L50, F\n|-mega|p2a: Froslass|Froslass|Froslassite\n|-weather|Snowscape|[from] ability: Snow Warning|[of] p2a: Froslass\n|move|p2b: Aerodactyl|Tailwind|p2b: Aerodactyl\n|-sidestart|p2: Ibhaansfuckassteam|move: Tailwind\n|move|p2a: Froslass|Blizzard|p1a: Hawlucha|[spread] p1a,p1b\n|-supereffective|p1a: Hawlucha|1\n|-supereffective|p1b: Diggersby|1\n|-damage|p1a: Hawlucha|5/100\n|-damage|p1b: Diggersby|13/100\n|-status|p1a: Hawlucha|frz\n|cant|p1a: Hawlucha|frz\n|move|p1b: Diggersby|Fissure|p2a: Froslass|[miss]\n|-miss|p1b: Diggersby|p2a: Froslass\n|\n|-weather|Snowscape|[upkeep]\n|upkeep\n|turn|2\n|\n|t:|1776341801\n|move|p2b: Aerodactyl|Rock Slide|p1b: Diggersby|[spread] p1a,p1b\n|-resisted|p1b: Diggersby|1\n|-damage|p1a: Hawlucha|0 fnt\n|-damage|p1b: Diggersby|0 fnt\n|faint|p1a: Hawlucha\n|faint|p1b: Diggersby\n|move|p2a: Froslass|Aurora Veil|p2a: Froslass\n|-sidestart|p2: Ibhaansfuckassteam|move: Aurora Veil\n|\n|-weather|Snowscape|[upkeep]\n|upkeep\n|-message|jnvjewvn forfeited.\n|\n|win|Ibhaansfuckassteam\n|raw|jnvjewvn's rating: 1040 &rarr; <strong>1022</strong><br />(-18 for losing)\n|raw|Ibhaansfuckassteam's rating: 1000 &rarr; <strong>1045</strong><br />(+45 for winning)\n|l|\u2606jnvjewvn\n|player|p1|\n",
  "uploadtime": 1776341806,
  "views": 26,
  "formatid": "gen9championsvgc2026regma",
  "rating": 1022,
  "private": 0,
  "password": null
}