{
  "id": "gen9championsvgc2026regma-2587159277",
  "format": "[Gen 9 Champions] VGC 2026 Reg M-A",
  "players": [
    "ImprobableBlob",
    "Arib1906"
  ],
  "log": "|j|\u2606ImprobableBlob\n|j|\u2606Arib1906\n|t:|1776502116\n|gametype|doubles\n|player|p1|ImprobableBlob|jasmine|1461\n|player|p2|Arib1906|byron|1416\n|gen|9\n|tier|[Gen 9 Champions] VGC 2026 Reg M-A\n|rated|\n|rule|Species Clause: Limit one of each Pok\u00e9mon\n|rule|Item Clause: Limit 1 of each item\n|clearpoke\n|poke|p1|Charizard, L50, F|\n|poke|p1|Venusaur, L50, F|\n|poke|p1|Rotom-Wash, L50|\n|poke|p1|Incineroar, L50, M|\n|poke|p1|Sneasler, L50, M|\n|poke|p1|Mamoswine, L50, F|\n|poke|p2|Blastoise, L50, F|\n|poke|p2|Incineroar, L50, M|\n|poke|p2|Sinistcha, L50|\n|poke|p2|Kingambit, L50, F|\n|poke|p2|Aerodactyl, L50, F|\n|poke|p2|Sneasler, L50, F|\n|teampreview|4\n|inactive|Battle timer is ON: inactive players will automatically lose when time's up. (requested by ImprobableBlob)\n|\n|t:|1776502142\n|teamsize|p1|4\n|teamsize|p2|4\n|start\n|switch|p1a: Charizard|Charizard, L50, F|100/100\n|switch|p1b: Mamoswine|Mamoswine, L50, F|100/100\n|switch|p2a: Sneasler|Sneasler, L50, F|100/100\n|switch|p2b: Aerodactyl|Aerodactyl, L50, F|100/100\n|-ability|p2b: Aerodactyl|Unnerve\n|turn|1\n|\n|t:|1776502155\n|detailschange|p1a: Charizard|Charizard-Mega-Y, L50, F\n|-mega|p1a: Charizard|Charizard|Charizardite Y\n|-weather|SunnyDay|[from] ability: Drought|[of] p1a: Charizard\n|move|p1a: Charizard|Protect|p1a: Charizard\n|-singleturn|p1a: Charizard|Protect\n|move|p1b: Mamoswine|Icicle Crash|p2b: Aerodactyl\n|-supereffective|p2b: Aerodactyl|1\n|-enditem|p2b: Aerodactyl|Focus Sash\n|-damage|p2b: Aerodactyl|1/100\n|move|p2b: Aerodactyl|Rock Slide|p1b: Mamoswine|[spread] p1b\n|-activate|p1a: Charizard|move: Protect\n|-damage|p1b: Mamoswine|70/100\n|move|p2a: Sneasler|Close Combat|p1b: Mamoswine\n|-supereffective|p1b: Mamoswine|1\n|-damage|p1b: Mamoswine|0 fnt\n|-unboost|p2a: Sneasler|def|1\n|-unboost|p2a: Sneasler|spd|1\n|faint|p1b: Mamoswine\n|-enditem|p2a: Sneasler|White Herb\n|-clearnegativeboost|p2a: Sneasler|[silent]\n|\n|-weather|SunnyDay|[upkeep]\n|upkeep\n|\n|t:|1776502159\n|switch|p1b: Sneasler|Sneasler, L50, M|100/100\n|turn|2\n|\n|t:|1776502172\n|move|p2a: Sneasler|Quick Guard|p2a: Sneasler\n|-singleturn|p2a: Sneasler|Quick Guard\n|move|p1b: Sneasler|Fake Out|p2b: Aerodactyl\n|-activate|p2b: Aerodactyl|move: Quick Guard\n|move|p2b: Aerodactyl|Rock Slide|p1b: Sneasler|[spread] p1a,p1b\n|-supereffective|p1a: Charizard|2\n|-resisted|p1b: Sneasler|1\n|-damage|p1a: Charizard|0 fnt\n|-damage|p1b: Sneasler|77/100\n|faint|p1a: Charizard\n|\n|-weather|SunnyDay|[upkeep]\n|upkeep\n|-message|ImprobableBlob forfeited.\n|\n|win|Arib1906\n|raw|ImprobableBlob's rating: 1461 &rarr; <strong>1438</strong><br />(-23 for losing)\n|raw|Arib1906's rating: 1416 &rarr; <strong>1439</strong><br />(+23 for winning)\n|l|\u2606ImprobableBlob\n|player|p1|\n",
  "uploadtime": 1776502188,
  "views": 38,
  "formatid": "gen9championsvgc2026regma",
  "rating": 1438,
  "private": 0,
  "password": null
}