{
  "id": "gen9championsvgc2026regma-2584880379",
  "format": "[Gen 9 Champions] VGC 2026 Reg M-A",
  "players": [
    "Ashk1996",
    "Poliwhirl100"
  ],
  "log": "|j|\u2606Ashk1996\n|j|\u2606Poliwhirl100\n|t:|1776291070\n|gametype|doubles\n|player|p1|Ashk1996|265|1185\n|player|p2|Poliwhirl100|preschooler|1192\n|gen|9\n|tier|[Gen 9 Champions] VGC 2026 Reg M-A\n|rated|\n|rule|Species Clause: Limit one of each Pok\u00e9mon\n|rule|Item Clause: Limit 1 of each item\n|clearpoke\n|poke|p1|Starmie, L50|\n|poke|p1|Froslass, L50, F|\n|poke|p1|Arcanine-Hisui, L50, M|\n|poke|p1|Whimsicott, L50, M|\n|poke|p1|Farigiraf, L50, F|\n|poke|p1|Milotic, L50, M|\n|poke|p2|Dragapult, L50, M|\n|poke|p2|Sneasler, L50, M|\n|poke|p2|Excadrill, L50, M|\n|poke|p2|Tyranitar, L50, F|\n|poke|p2|Charizard, L50, F|\n|poke|p2|Corviknight, L50, M|\n|teampreview|4\n|\n|t:|1776291099\n|teamsize|p1|4\n|teamsize|p2|4\n|start\n|switch|p1a: Froslass|Froslass, L50, F|100/100\n|switch|p1b: Whimsicott|Whimsicott, L50, M|100/100\n|switch|p2a: Tyranitar|Tyranitar, L50, F|100/100\n|switch|p2b: Excadrill|Excadrill, L50, M|100/100\n|-weather|Sandstorm|[from] ability: Sand Stream|[of] p2a: Tyranitar\n|turn|1\n|\n|t:|1776291112\n|detailschange|p2a: Tyranitar|Tyranitar-Mega, L50, F\n|-mega|p2a: Tyranitar|Tyranitar|Tyranitarite\n|move|p1b: Whimsicott|Protect|p1b: Whimsicott\n|-singleturn|p1b: Whimsicott|Protect\n|move|p1a: Froslass|Protect|p1a: Froslass\n|-singleturn|p1a: Froslass|Protect\n|move|p2b: Excadrill|Iron Head|p1a: Froslass\n|-activate|p1a: Froslass|move: Protect\n|move|p2a: Tyranitar|Rock Slide|p1a: Froslass|[spread] \n|-activate|p1a: Froslass|move: Protect\n|-activate|p1b: Whimsicott|move: Protect\n|\n|-weather|Sandstorm|[upkeep]\n|-damage|p1b: Whimsicott|95/100|[from] Sandstorm\n|-damage|p1a: Froslass|94/100|[from] Sandstorm\n|upkeep\n|turn|2\n|\n|t:|1776291128\n|detailschange|p1a: Froslass|Froslass-Mega, L50, F\n|-mega|p1a: Froslass|Froslass|Froslassite\n|-weather|Snowscape|[from] ability: Snow Warning|[of] p1a: Froslass\n|move|p1a: Froslass|Blizzard|p2a: Tyranitar|[spread] p2a,p2b\n|-damage|p2a: Tyranitar|62/100\n|-damage|p2b: Excadrill|28/100\n|-status|p2b: Excadrill|frz\n|move|p1b: Whimsicott|Moonblast|p2a: Tyranitar\n|-supereffective|p2a: Tyranitar|1\n|-damage|p2a: Tyranitar|1/100\n|cant|p2b: Excadrill|frz\n|move|p2a: Tyranitar|Rock Slide|p1a: Froslass|[spread] p1a,p1b\n|-supereffective|p1a: Froslass|1\n|-damage|p1a: Froslass|11/100\n|-damage|p1b: Whimsicott|40/100\n|\n|-weather|Snowscape|[upkeep]\n|upkeep\n|turn|3\n|c|\u2606Poliwhirl100|IMM THE UNLUCKIEST\n|c|\u2606Poliwhirl100|MOTHER FUCKER EVER\n|c|\u2606Poliwhirl100|5 FUCKING DRACO METEOR IN A ROW\n|c|\u2606Poliwhirl100|4 FUCKING FREEZES IN A ROW\n|c|\u2606Poliwhirl100|HOLD UP\n|c|\u2606Poliwhirl100|TAKE A PICTURE OF THIS\n|\n|t:|1776291169\n|move|p2a: Tyranitar|Protect|p2a: Tyranitar\n|-singleturn|p2a: Tyranitar|Protect\n|move|p1b: Whimsicott|Tailwind|p1b: Whimsicott\n|-sidestart|p1: Ashk1996|move: Tailwind\n|move|p1a: Froslass|Blizzard|p2b: Excadrill|[spread] p2b\n|-activate|p2a: Tyranitar|move: Protect\n|-damage|p2b: Excadrill|0 fnt\n|faint|p2b: Excadrill\n|\n|-weather|Snowscape|[upkeep]\n|upkeep\n|\n|t:|1776291175\n|switch|p2b: Dragapult|Dragapult, L50, M|100/100\n|turn|4\n|\n|t:|1776291188\n|switch|p2a: Sneasler|Sneasler, L50, M|100/100\n|move|p1a: Froslass|Blizzard|p2a: Sneasler|[spread] p2a,p2b\n|-crit|p2a: Sneasler\n|-supereffective|p2b: Dragapult|1\n|-damage|p2a: Sneasler|5/100\n|-damage|p2b: Dragapult|0 fnt\n|faint|p2b: Dragapult\n|move|p1b: Whimsicott|Moonblast|p2a: Sneasler\n|-damage|p2a: Sneasler|0 fnt\n|faint|p2a: Sneasler\n|\n|-weather|Snowscape|[upkeep]\n|upkeep\n|-message|Poliwhirl100 forfeited.\n|\n|win|Ashk1996\n",
  "uploadtime": 1776291148,
  "views": 26,
  "formatid": "gen9championsvgc2026regma",
  "rating": null,
  "private": 0,
  "password": null
}