{
  "id": "gen9championsvgc2026regma-2582518561",
  "format": "[Gen 9 Champions] VGC 2026 Reg M-A",
  "players": [
    "theilldigi",
    "VGChris6"
  ],
  "log": "|j|\u2606theilldigi\n|j|\u203dVGChris6\n|t:|1776096820\n|gametype|doubles\n|player|p1|theilldigi|101|1133\n|player|p2|VGChris6|102|1052\n|gen|9\n|tier|[Gen 9 Champions] VGC 2026 Reg M-A\n|rated|\n|rule|Species Clause: Limit one of each Pok\u00e9mon\n|rule|Item Clause: Limit 1 of each item\n|clearpoke\n|poke|p1|Starmie, L50|\n|poke|p1|Aegislash, L50, F|\n|poke|p1|Sneasler, L50, M|\n|poke|p1|Pelipper, L50, M|\n|poke|p1|Archaludon, L50, F|\n|poke|p1|Maushold, L50|\n|poke|p2|Charizard, L50, F|\n|poke|p2|Whimsicott, L50, M|\n|poke|p2|Incineroar, L50, M|\n|poke|p2|Garchomp, L50, F|\n|poke|p2|Rotom-Wash, L50|\n|poke|p2|Gardevoir, L50, F|\n|teampreview|4\n|inactive|Battle timer is ON: inactive players will automatically lose when time's up. (requested by VGChris6)\n|inactive|theilldigi has 60 seconds left.\n|\n|t:|1776096859\n|teamsize|p1|4\n|teamsize|p2|4\n|start\n|switch|p1a: Archaludon|Archaludon, L50, F, shiny|100/100\n|switch|p1b: Maushold|Maushold, L50|100/100\n|switch|p2a: Garchomp|Garchomp, L50, F|100/100\n|switch|p2b: Incineroar|Incineroar, L50, M|100/100\n|-ability|p2b: Incineroar|Intimidate|boost\n|-unboost|p1a: Archaludon|atk|1\n|-unboost|p1b: Maushold|atk|1\n|turn|1\n|\n|t:|1776096883\n|switch|p2b: Rotom|Rotom-Wash, L50|100/100\n|move|p1b: Maushold|Protect|p1b: Maushold\n|-singleturn|p1b: Maushold|Protect\n|move|p1a: Archaludon|Protect|p1a: Archaludon\n|-singleturn|p1a: Archaludon|Protect\n|move|p2a: Garchomp|Earthquake|p1a: Archaludon|[spread] \n|-activate|p1a: Archaludon|move: Protect\n|-activate|p1b: Maushold|move: Protect\n|-immune|p2b: Rotom|[from] ability: Levitate\n|\n|upkeep\n|turn|2\n|\n|t:|1776096906\n|switch|p1b: Pelipper|Pelipper, L50, M|100/100\n|-weather|RainDance|[from] ability: Drizzle|[of] p1b: Pelipper\n|move|p2a: Garchomp|Earthquake|p1b: Pelipper|[spread] p1a\n|-immune|p2b: Rotom|[from] ability: Levitate\n|-immune|p1b: Pelipper\n|-supereffective|p1a: Archaludon|1\n|-damage|p1a: Archaludon|34/100\n|-ability|p1a: Archaludon|Stamina|boost\n|-boost|p1a: Archaludon|def|1\n|move|p2b: Rotom|Thunderbolt|p1b: Pelipper\n|-supereffective|p1b: Pelipper|2\n|-enditem|p1b: Pelipper|Focus Sash\n|-damage|p1b: Pelipper|1/100\n|move|p1a: Archaludon|Electro Shot||[still]\n|-prepare|p1a: Archaludon|Electro Shot\n|-boost|p1a: Archaludon|spa|1\n|-anim|p1a: Archaludon|Electro Shot|p2b: Rotom\n|-damage|p2b: Rotom|16/100\n|\n|-weather|RainDance|[upkeep]\n|-heal|p2b: Rotom|22/100|[from] item: Leftovers\n|-heal|p1a: Archaludon|40/100|[from] item: Leftovers\n|upkeep\n|turn|3\n|inactive|theilldigi has 30 seconds left.\n|inactive|VGChris6 has 30 seconds left.\n|\n|t:|1776096934\n|move|p2a: Garchomp|Earthquake|p1b: Pelipper|[spread] p1a\n|-immune|p2b: Rotom|[from] ability: Levitate\n|-immune|p1b: Pelipper\n|-supereffective|p1a: Archaludon|1\n|-damage|p1a: Archaludon|0 fnt\n|faint|p1a: Archaludon\n|move|p2b: Rotom|Thunderbolt|p1b: Pelipper\n|-supereffective|p1b: Pelipper|2\n|-damage|p1b: Pelipper|0 fnt\n|faint|p1b: Pelipper\n|\n|-weather|RainDance|[upkeep]\n|-heal|p2b: Rotom|28/100|[from] item: Leftovers\n|upkeep\n|-message|theilldigi forfeited.\n|\n|win|VGChris6\n",
  "uploadtime": 1776096823,
  "views": 12,
  "formatid": "gen9championsvgc2026regma",
  "rating": null,
  "private": 0,
  "password": null
}