{
  "id": "gen9championsvgc2026regma-2588802913",
  "format": "[Gen 9 Champions] VGC 2026 Reg M-A",
  "players": [
    "SRTW1thered",
    "Marianita12"
  ],
  "log": "|j|\u2606SRTW1thered\n|j|\u2606Marianita12\n|t:|1776672754\n|gametype|doubles\n|player|p1|SRTW1thered|unknown|1096\n|player|p2|Marianita12|102|1085\n|gen|9\n|tier|[Gen 9 Champions] VGC 2026 Reg M-A\n|rated|\n|rule|Species Clause: Limit one of each Pok\u00e9mon\n|rule|Item Clause: Limit 1 of each item\n|clearpoke\n|poke|p1|Aggron, L50, M|\n|poke|p1|Incineroar, L50, M|\n|poke|p1|Sneasler, L50, M|\n|poke|p1|Primarina, L50, M|\n|poke|p1|Whimsicott, L50, F|\n|poke|p1|Farigiraf, L50, M|\n|poke|p2|Blastoise, L50, F|\n|poke|p2|Aerodactyl, L50, M|\n|poke|p2|Mamoswine, L50, M|\n|poke|p2|Houndoom, L50, F|\n|poke|p2|Cofagrigus, L50, M|\n|poke|p2|Gallade, L50, M|\n|teampreview|4\n|\n|t:|1776672803\n|teamsize|p1|4\n|teamsize|p2|4\n|start\n|switch|p1a: Aggron|Aggron, L50, M|100/100\n|switch|p1b: Farigiraf|Farigiraf, L50, M|100/100\n|switch|p2a: Blastoise|Blastoise, L50, F|100/100\n|switch|p2b: Aerodactyl|Aerodactyl, L50, M|100/100\n|-ability|p2b: Aerodactyl|Unnerve\n|turn|1\n|\n|t:|1776672835\n|detailschange|p1a: Aggron|Aggron-Mega, L50, M\n|-mega|p1a: Aggron|Aggron|Aggronite\n|move|p2b: Aerodactyl|Rock Slide|p1a: Aggron|[spread] p1a,p1b\n|-resisted|p1a: Aggron|1\n|-crit|p1b: Farigiraf\n|-damage|p1a: Aggron|95/100\n|-damage|p1b: Farigiraf|64/100\n|move|p2a: Blastoise|Liquidation|p1a: Aggron\n|-damage|p1a: Aggron|81/100\n|move|p1a: Aggron|Iron Defense|p1a: Aggron\n|-boost|p1a: Aggron|def|2\n|move|p1b: Farigiraf|Trick Room|p1b: Farigiraf\n|-fieldstart|move: Trick Room|[of] p1b: Farigiraf\n|\n|upkeep\n|turn|2\n|\n|t:|1776672863\n|move|p1a: Aggron|Heavy Slam|p2b: Aerodactyl\n|-supereffective|p2b: Aerodactyl|1\n|-damage|p2b: Aerodactyl|0 fnt\n|faint|p2b: Aerodactyl\n|move|p1b: Farigiraf|Psychic|p2a: Blastoise\n|-damage|p2a: Blastoise|66/100\n|move|p2a: Blastoise|Liquidation|p1b: Farigiraf\n|-damage|p1b: Farigiraf|31/100\n|\n|upkeep\n|\n|t:|1776672880\n|switch|p2b: Gallade|Gallade, L50, M|100/100\n|turn|3\n|\n|t:|1776672898\n|switch|p1b: Incineroar|Incineroar, L50, M|100/100\n|-ability|p1b: Incineroar|Intimidate|boost\n|-unboost|p2a: Blastoise|atk|1\n|-unboost|p2b: Gallade|atk|1\n|-enditem|p2b: Gallade|White Herb\n|-clearnegativeboost|p2b: Gallade|[silent]\n|move|p1a: Aggron|Heavy Slam|p2b: Gallade\n|-damage|p2b: Gallade|22/100\n|move|p2a: Blastoise|Liquidation|p1b: Incineroar\n|-supereffective|p1b: Incineroar|1\n|-damage|p1b: Incineroar|62/100\n|move|p2b: Gallade|Close Combat|p1a: Aggron\n|-supereffective|p1a: Aggron|1\n|-damage|p1a: Aggron|59/100\n|-unboost|p2b: Gallade|def|1\n|-unboost|p2b: Gallade|spd|1\n|\n|upkeep\n|turn|4\n|-message|Marianita12 forfeited.\n|\n|win|SRTW1thered\n|raw|SRTW1thered's rating: 1096 &rarr; <strong>1121</strong><br />(+25 for winning)\n|raw|Marianita12's rating: 1085 &rarr; <strong>1063</strong><br />(-22 for losing)\n|l|\u2606Marianita12\n|player|p2|\n",
  "uploadtime": 1776672921,
  "views": 14,
  "formatid": "gen9championsvgc2026regma",
  "rating": 1063,
  "private": 0,
  "password": null
}