{
  "id": "gen9championsvgc2026regma-2586134938",
  "format": "[Gen 9 Champions] VGC 2026 Reg M-A",
  "players": [
    "Crash0utVGC",
    "ToastyLavender"
  ],
  "log": "|j|\u2606Crash0utVGC\n|j|\u2606ToastyLavender\n|t:|1776403318\n|gametype|doubles\n|player|p1|Crash0utVGC|colress|1172\n|player|p2|ToastyLavender|marlon|1143\n|gen|9\n|tier|[Gen 9 Champions] VGC 2026 Reg M-A\n|rated|\n|rule|Species Clause: Limit one of each Pok\u00e9mon\n|rule|Item Clause: Limit 1 of each item\n|clearpoke\n|poke|p1|Alakazam, L50, F|\n|poke|p1|Meowstic, L50, M|\n|poke|p1|Kingambit, L50, M|\n|poke|p1|Garchomp, L50, M|\n|poke|p1|Farigiraf, L50, F|\n|poke|p1|Rotom-Wash, L50|\n|poke|p2|Basculegion, L50, M|\n|poke|p2|Aerodactyl, L50, M|\n|poke|p2|Archaludon, L50, M|\n|poke|p2|Kingambit, L50, M|\n|poke|p2|Kangaskhan, L50, F|\n|poke|p2|Politoed, L50, M|\n|teampreview|4\n|\n|t:|1776403358\n|teamsize|p1|4\n|teamsize|p2|4\n|start\n|switch|p1a: Alakazam|Alakazam, L50, F|100/100\n|switch|p1b: Kingambit|Kingambit, L50, M, shiny|100/100\n|switch|p2a: Kangaskhan|Kangaskhan, L50, F|100/100\n|switch|p2b: Kingambit|Kingambit, L50, M, shiny|100/100\n|turn|1\n|\n|t:|1776403374\n|detailschange|p1a: Alakazam|Alakazam-Mega, L50, F\n|-mega|p1a: Alakazam|Alakazam|Alakazite\n|-ability|p1a: Alakazam|Defiant|Trace|[from] ability: Trace|[of] p2b: Kingambit\n|detailschange|p2a: Kangaskhan|Kangaskhan-Mega, L50, F\n|-mega|p2a: Kangaskhan|Kangaskhan|Kangaskhanite\n|move|p2b: Kingambit|Sucker Punch|p1a: Alakazam\n|-supereffective|p1a: Alakazam|1\n|-damage|p1a: Alakazam|0 fnt\n|faint|p1a: Alakazam\n|move|p2a: Kangaskhan|Drain Punch|p1b: Kingambit\n|-supereffective|p1b: Kingambit|2\n|-damage|p1b: Kingambit|23/100\n|-supereffective|p1b: Kingambit|2\n|-damage|p1b: Kingambit|2/100\n|-hitcount|p1b: Kingambit|2\n|move|p1b: Kingambit|Low Kick|p2b: Kingambit\n|-supereffective|p2b: Kingambit|2\n|-damage|p2b: Kingambit|0 fnt\n|faint|p2b: Kingambit\n|\n|upkeep\n|\n|t:|1776403391\n|switch|p1a: Garchomp|Garchomp, L50, M|100/100\n|switch|p2b: Politoed|Politoed, L50, M|100/100\n|-weather|RainDance|[from] ability: Drizzle|[of] p2b: Politoed\n|turn|2\n|\n|t:|1776403400\n|switch|p1b: Rotom|Rotom-Wash, L50|100/100\n|move|p2a: Kangaskhan|Sucker Punch||[still]\n|-fail|p2a: Kangaskhan\n|move|p1a: Garchomp|Earthquake|p2a: Kangaskhan|[spread] p2a,p2b\n|-immune|p1b: Rotom|[from] ability: Levitate\n|-damage|p2a: Kangaskhan|69/100\n|-damage|p2b: Politoed|50/100\n|-enditem|p2b: Politoed|Sitrus Berry|[eat]\n|-heal|p2b: Politoed|74/100|[from] item: Sitrus Berry\n|move|p2b: Politoed|Ice Beam|p1a: Garchomp\n|-supereffective|p1a: Garchomp|2\n|-damage|p1a: Garchomp|0 fnt\n|faint|p1a: Garchomp\n|\n|-weather|RainDance|[upkeep]\n|upkeep\n|\n|t:|1776403406\n|switch|p1a: Kingambit|Kingambit, L50, M, shiny|2/100\n|turn|3\n|-message|Crash0utVGC forfeited.\n|\n|win|ToastyLavender\n|raw|Crash0utVGC's rating: 1172 &rarr; <strong>1145</strong><br />(-27 for losing)\n|raw|ToastyLavender's rating: 1143 &rarr; <strong>1170</strong><br />(+27 for winning)\n",
  "uploadtime": 1776403414,
  "views": 17,
  "formatid": "gen9championsvgc2026regma",
  "rating": 1145,
  "private": 0,
  "password": null
}