{
  "id": "gen9championsvgc2026regma-2584811828",
  "format": "[Gen 9 Champions] VGC 2026 Reg M-A",
  "players": [
    "campeondelfitness",
    "corek"
  ],
  "log": "|j|\u2606campeondelfitness\n|j|\u2606corek\n|t:|1776285465\n|gametype|doubles\n|player|p1|campeondelfitness|swimmer|1018\n|player|p2|corek|lucas|1012\n|gen|9\n|tier|[Gen 9 Champions] VGC 2026 Reg M-A\n|rated|\n|rule|Species Clause: Limit one of each Pok\u00e9mon\n|rule|Item Clause: Limit 1 of each item\n|clearpoke\n|poke|p1|Tyranitar, L50, M|\n|poke|p1|Excadrill, L50, M|\n|poke|p1|Garchomp, L50, F|\n|poke|p1|Heliolisk, L50, F|\n|poke|p1|Rotom-Heat, L50|\n|poke|p1|Orthworm, L50, M|\n|poke|p2|Lucario, L50, F|\n|poke|p2|Meowscarada, L50, F|\n|poke|p2|Infernape, L50, M|\n|poke|p2|Scizor, L50, M|\n|poke|p2|Gallade, L50, M|\n|poke|p2|Chandelure, L50, M|\n|teampreview|4\n|inactive|Battle timer is ON: inactive players will automatically lose when time's up. (requested by campeondelfitness)\n|inactive|campeondelfitness has 60 seconds left.\n|\n|t:|1776285507\n|teamsize|p1|4\n|teamsize|p2|4\n|start\n|switch|p1a: Rotom|Rotom-Heat, L50|100/100\n|switch|p1b: Garchomp|Garchomp, L50, F|100/100\n|switch|p2a: Meowscarada|Meowscarada, L50, F|100/100\n|switch|p2b: Lucario|Lucario, L50, F|100/100\n|turn|1\n|inactive|campeondelfitness has 30 seconds left.\n|\n|t:|1776285532\n|switch|p2b: Chandelure|Chandelure, L50, M|100/100\n|detailschange|p1b: Garchomp|Garchomp-Mega, L50, F\n|-mega|p1b: Garchomp|Garchomp|Garchompite\n|move|p2a: Meowscarada|Triple Axel|p1b: Garchomp\n|-start|p2a: Meowscarada|typechange|Ice|[from] ability: Protean\n|-supereffective|p1b: Garchomp|2\n|-damage|p1b: Garchomp|72/100\n|-supereffective|p1b: Garchomp|2\n|-damage|p1b: Garchomp|8/100\n|-hitcount|p1b: Garchomp|2\n|move|p1b: Garchomp|Swords Dance|p1b: Garchomp\n|-boost|p1b: Garchomp|atk|2\n|move|p1a: Rotom|Overheat|p2a: Meowscarada\n|-supereffective|p2a: Meowscarada|1\n|-damage|p2a: Meowscarada|0 fnt\n|-unboost|p1a: Rotom|spa|2\n|faint|p2a: Meowscarada\n|\n|upkeep\n|\n|t:|1776285552\n|switch|p2a: Infernape|Infernape, L50, M|100/100\n|turn|2\n|\n|t:|1776285573\n|switch|p2b: Lucario|Lucario, L50, F|100/100\n|move|p1b: Garchomp|Protect|p1b: Garchomp\n|-singleturn|p1b: Garchomp|Protect\n|move|p2a: Infernape|Close Combat|p1b: Garchomp\n|-activate|p1b: Garchomp|move: Protect\n|move|p1a: Rotom|Discharge|p2a: Infernape|[spread] p2a,p2b\n|-activate|p1b: Garchomp|move: Protect\n|-damage|p2a: Infernape|84/100\n|-damage|p2b: Lucario|81/100\n|-status|p2a: Infernape|par\n|-status|p2b: Lucario|par\n|\n|upkeep\n|turn|3\n|-message|corek forfeited.\n|\n|win|campeondelfitness\n|raw|campeondelfitness's rating: 1018 &rarr; <strong>1055</strong><br />(+37 for winning)\n|raw|corek's rating: 1012 &rarr; <strong>1000</strong><br />(-12 for losing)\n|l|\u2606corek\n|player|p2|\n",
  "uploadtime": 1776285594,
  "views": 29,
  "formatid": "gen9championsvgc2026regma",
  "rating": 1000,
  "private": 0,
  "password": null
}