{
  "id": "gen9championsvgc2026regma-2582362387",
  "format": "[Gen 9 Champions] VGC 2026 Reg M-A",
  "players": [
    "jokmah123",
    "Fran651"
  ],
  "log": "|j|\u2606jokmah123\n|j|\u2606Fran651\n|t:|1776086474\n|gametype|doubles\n|player|p1|jokmah123|1|1187\n|player|p2|Fran651|jogger|1103\n|gen|9\n|tier|[Gen 9 Champions] VGC 2026 Reg M-A\n|rated|\n|rule|Species Clause: Limit one of each Pok\u00e9mon\n|rule|Item Clause: Limit 1 of each item\n|clearpoke\n|poke|p1|Sneasler, L50, M|\n|poke|p1|Kingambit, L50, F|\n|poke|p1|Dragapult, L50, F|\n|poke|p1|Charizard, L50, M|\n|poke|p1|Maushold-Four, L50|\n|poke|p1|Garchomp, L50, M|\n|poke|p2|Charizard, L50, M|\n|poke|p2|Garchomp, L50, M|\n|poke|p2|Whimsicott, L50, M|\n|poke|p2|Sneasler, L50, M|\n|poke|p2|Rotom-Wash, L50|\n|poke|p2|Sinistcha, L50|\n|teampreview|4\n|\n|t:|1776086581\n|teamsize|p1|4\n|teamsize|p2|4\n|start\n|switch|p1a: Garchomp|Garchomp, L50, M|100/100\n|switch|p1b: Dragapult|Dragapult, L50, F|100/100\n|switch|p2a: Sneasler|Sneasler, L50, M|100/100\n|switch|p2b: Whimsicott|Whimsicott, L50, M|100/100\n|-ability|p2a: Sneasler|Pressure\n|turn|1\n|inactive|Battle timer is ON: inactive players will automatically lose when time's up. (requested by jokmah123)\n|\n|t:|1776086607\n|move|p2a: Sneasler|Fake Out|p1a: Garchomp\n|-damage|p1a: Garchomp|86/100\n|-damage|p2a: Sneasler|88/100|[from] ability: Rough Skin|[of] p1a: Garchomp\n|cant|p1a: Garchomp|flinch\n|move|p1b: Dragapult|Psychic Fangs|p2a: Sneasler\n|-supereffective|p2a: Sneasler|2\n|-damage|p2a: Sneasler|0 fnt\n|faint|p2a: Sneasler\n|move|p2b: Whimsicott|Moonblast|p1b: Dragapult\n|-supereffective|p1b: Dragapult|1\n|-damage|p1b: Dragapult|28/100\n|\n|upkeep\n|\n|t:|1776086620\n|switch|p2a: Garchomp|Garchomp, L50, M|100/100\n|turn|2\n|inactive|jokmah123 has 30 seconds left.\n|inactive|Fran651 has 30 seconds left.\n|\n|t:|1776086651\n|move|p2b: Whimsicott|Tailwind|p2b: Whimsicott\n|-sidestart|p2: Fran651|move: Tailwind\n|move|p2a: Garchomp|Dragon Claw|p1a: Garchomp\n|-supereffective|p1a: Garchomp|1\n|-damage|p1a: Garchomp|2/100\n|-damage|p2a: Garchomp|88/100|[from] ability: Rough Skin|[of] p1a: Garchomp\n|move|p1a: Garchomp|Dragon Claw|p2a: Garchomp\n|-supereffective|p2a: Garchomp|1\n|-damage|p2a: Garchomp|3/100\n|-damage|p1a: Garchomp|0 fnt|[from] ability: Rough Skin|[of] p2a: Garchomp\n|faint|p1a: Garchomp\n|move|p1b: Dragapult|Shadow Ball|p2a: Garchomp\n|-damage|p2a: Garchomp|0 fnt\n|faint|p2a: Garchomp\n|\n|upkeep\n|\n|t:|1776086668\n|switch|p2a: Charizard|Charizard, L50, M|100/100\n|switch|p1a: Charizard|Charizard, L50, M|100/100\n|turn|3\n|\n|t:|1776086683\n|detailschange|p2a: Charizard|Charizard-Mega-Y, L50, M\n|-mega|p2a: Charizard|Charizard|Charizardite Y\n|-weather|SunnyDay|[from] ability: Drought|[of] p2a: Charizard\n|detailschange|p1a: Charizard|Charizard-Mega-Y, L50, M\n|-mega|p1a: Charizard|Charizard|Charizardite Y\n|move|p2b: Whimsicott|Moonblast|p1b: Dragapult\n|-supereffective|p1b: Dragapult|1\n|-damage|p1b: Dragapult|0 fnt\n|faint|p1b: Dragapult\n|move|p2a: Charizard|Heat Wave|p1a: Charizard\n|-resisted|p1a: Charizard|1\n|-damage|p1a: Charizard|60/100\n|move|p1a: Charizard|Heat Wave|p2b: Whimsicott|[spread] p2b\n|-miss|p1a: Charizard|p2a: Charizard\n|-supereffective|p2b: Whimsicott|1\n|-enditem|p2b: Whimsicott|Focus Sash\n|-damage|p2b: Whimsicott|1/100\n|\n|-weather|SunnyDay|[upkeep]\n|upkeep\n|\n|t:|1776086691\n|switch|p1b: Kingambit|Kingambit, L50, F|100/100\n|turn|4\n|\n|t:|1776086708\n|move|p1b: Kingambit|Sucker Punch|p2a: Charizard\n|-damage|p2a: Charizard|31/100\n|move|p2b: Whimsicott|Moonblast|p1a: Charizard\n|-resisted|p1a: Charizard|1\n|-damage|p1a: Charizard|49/100\n|move|p2a: Charizard|Heat Wave|p1a: Charizard|[spread] p1a,p1b\n|-resisted|p1a: Charizard|1\n|-supereffective|p1b: Kingambit|1\n|-damage|p1a: Charizard|22/100\n|-damage|p1b: Kingambit|0 fnt\n|faint|p1b: Kingambit\n|move|p1a: Charizard|Heat Wave|p2b: Whimsicott|[spread] p2a,p2b\n|-resisted|p2a: Charizard|1\n|-supereffective|p2b: Whimsicott|1\n|-damage|p2a: Charizard|0 fnt\n|-damage|p2b: Whimsicott|0 fnt\n|faint|p2a: Charizard\n|faint|p2b: Whimsicott\n|\n|win|jokmah123\n|raw|jokmah123's rating: 1187 &rarr; <strong>1206</strong><br />(+19 for winning)\n|raw|Fran651's rating: 1103 &rarr; <strong>1084</strong><br />(-19 for losing)\n",
  "uploadtime": 1776086730,
  "views": 16,
  "formatid": "gen9championsvgc2026regma",
  "rating": 1084,
  "private": 0,
  "password": null
}