{
  "id": "gen9championsvgc2026regma-2581227685",
  "format": "[Gen 9 Champions] VGC 2026 Reg M-A",
  "players": [
    "PharrowXL",
    "cactusdestroyer"
  ],
  "log": "|j|\u2606PharrowXL\n|j|\u2606cactusdestroyer\n|t:|1775973321\n|gametype|doubles\n|player|p1|PharrowXL|linebacker|1069\n|player|p2|cactusdestroyer|2|1109\n|gen|9\n|tier|[Gen 9 Champions] VGC 2026 Reg M-A\n|rated|\n|rule|Species Clause: Limit one of each Pok\u00e9mon\n|rule|Item Clause: Limit 1 of each item\n|clearpoke\n|poke|p1|Lycanroc-Dusk, L50, M|\n|poke|p1|Volcarona, L50, M|\n|poke|p1|Palafin, L50, F|\n|poke|p1|Farigiraf, L50, F|\n|poke|p1|Whimsicott, L50, M|\n|poke|p1|Aggron, L50, F|\n|poke|p2|Torkoal, L50, F|\n|poke|p2|Starmie, L50|\n|poke|p2|Mr. Rime, L50, M|\n|poke|p2|Hawlucha, L50, F|\n|poke|p2|Excadrill, L50, M|\n|poke|p2|Drampa, L50, M|\n|teampreview|4\n|inactive|Battle timer is ON: inactive players will automatically lose when time's up. (requested by PharrowXL)\n|inactive|PharrowXL has 60 seconds left.\n|\n|t:|1775973370\n|teamsize|p1|4\n|teamsize|p2|4\n|start\n|switch|p1a: Palafin|Palafin, L50, F, shiny|100/100\n|switch|p1b: Aggron|Aggron, L50, F|100/100\n|switch|p2a: Mr. Rime|Mr. Rime, L50, M|100/100\n|switch|p2b: Hawlucha|Hawlucha, L50, F|100/100\n|turn|1\n|inactive|cactusdestroyer has 30 seconds left.\n|\n|t:|1775973398\n|detailschange|p1a: Palafin|Palafin-Hero, L50, F, shiny\n|switch|p1a: Farigiraf|Farigiraf, L50, F|100/100\n|detailschange|p2b: Hawlucha|Hawlucha-Mega, L50, F\n|-mega|p2b: Hawlucha|Hawlucha|Hawluchanite\n|detailschange|p1b: Aggron|Aggron-Mega, L50, F\n|-mega|p1b: Aggron|Aggron|Aggronite\n|move|p2b: Hawlucha|Entrainment|p2a: Mr. Rime\n|-ability|p2a: Mr. Rime|No Guard|Tangled Feet|[from] move: Entrainment|[of] p2b: Hawlucha\n|move|p2a: Mr. Rime|Sheer Cold|p1b: Aggron\n|-damage|p1b: Aggron|0 fnt\n|faint|p1b: Aggron\n|-ohko\n|\n|upkeep\n|-message|PharrowXL forfeited.\n|\n|win|cactusdestroyer\n|raw|PharrowXL's rating: 1069 &rarr; <strong>1051</strong><br />(-18 for losing)\n|raw|cactusdestroyer's rating: 1109 &rarr; <strong>1131</strong><br />(+22 for winning)\n|l|\u2606PharrowXL\n|player|p1|\n",
  "uploadtime": 1775973418,
  "views": 17,
  "formatid": "gen9championsvgc2026regma",
  "rating": 1051,
  "private": 0,
  "password": null
}