{
  "id": "gen9championsvgc2026regma-2588560671",
  "format": "[Gen 9 Champions] VGC 2026 Reg M-A",
  "players": [
    "olho do corvo",
    "Better Luck VGC"
  ],
  "log": "|j|\u2606olho do corvo\n|j|\u2606Better Luck VGC\n|t:|1776645068\n|gametype|doubles\n|player|p1|olho do corvo|n|1132\n|player|p2|Better Luck VGC|caitlin|1186\n|gen|9\n|tier|[Gen 9 Champions] VGC 2026 Reg M-A\n|rated|\n|rule|Species Clause: Limit one of each Pok\u00e9mon\n|rule|Item Clause: Limit 1 of each item\n|clearpoke\n|poke|p1|Sneasler, L50, M|\n|poke|p1|Kommo-o, L50, F, shiny|\n|poke|p1|Whimsicott, L50, M, shiny|\n|poke|p1|Incineroar, L50, M|\n|poke|p1|Gengar, L50, F, shiny|\n|poke|p1|Aerodactyl, L50, M|\n|poke|p2|Meganium, L50, M|\n|poke|p2|Tyranitar, L50, M|\n|poke|p2|Sinistcha, L50|\n|poke|p2|Basculegion, L50, M|\n|poke|p2|Incineroar, L50, M|\n|poke|p2|Aerodactyl, L50, M|\n|teampreview|4\n|inactive|Battle timer is ON: inactive players will automatically lose when time's up. (requested by olho do corvo)\n|inactive|Better Luck VGC has 60 seconds left.\n|\n|t:|1776645127\n|teamsize|p1|4\n|teamsize|p2|4\n|start\n|switch|p1a: Gengar|Gengar, L50, F, shiny|100/100\n|switch|p1b: Whimsicott|Whimsicott, L50, M, shiny|100/100\n|switch|p2a: Cecilily|Meganium, L50, M|100/100\n|switch|p2b: Aerodactyl|Aerodactyl, L50, M|100/100\n|-ability|p2b: Aerodactyl|Unnerve\n|turn|1\n|inactive|olho do corvo has 30 seconds left.\n|inactive|olho do corvo has 20 seconds left.\n|inactive|olho do corvo has 15 seconds left.\n|inactive|olho do corvo has 10 seconds left.\n|inactive|olho do corvo has 5 seconds left.\n|\n|t:|1776645182\n|switch|p2a: Tyranitar|Tyranitar, L50, M|100/100\n|-weather|Sandstorm|[from] ability: Sand Stream|[of] p2a: Tyranitar\n|move|p1b: Whimsicott|Tailwind|p1b: Whimsicott\n|-sidestart|p1: olho do corvo|move: Tailwind\n|move|p1a: Gengar|Shadow Ball|p2b: Aerodactyl\n|-damage|p2b: Aerodactyl|57/100\n|-unboost|p2b: Aerodactyl|spd|1\n|move|p2b: Aerodactyl|Dual Wingbeat|p1b: Whimsicott|[miss]\n|-miss|p2b: Aerodactyl|p1b: Whimsicott\n|\n|-weather|Sandstorm|[upkeep]\n|-damage|p1b: Whimsicott|95/100|[from] Sandstorm\n|-damage|p1a: Gengar|95/100|[from] Sandstorm\n|upkeep\n|turn|2\n|inactive|olho do corvo has 30 seconds left.\n|inactive|Better Luck VGC has 30 seconds left.\n|inactive|olho do corvo has 20 seconds left.\n|inactive|olho do corvo has 15 seconds left.\n|inactive|olho do corvo has 10 seconds left.\n|inactive|olho do corvo has 5 seconds left.\n|\n|t:|1776645237\n|move|p2b: Aerodactyl|Protect|p2b: Aerodactyl\n|-singleturn|p2b: Aerodactyl|Protect\n|move|p1b: Whimsicott|Tailwind||[still]\n|-fail|p1b: Whimsicott\n|move|p1a: Gengar|Shadow Ball|p2b: Aerodactyl\n|-activate|p2b: Aerodactyl|move: Protect\n|move|p2a: Tyranitar|Crunch|p1a: Gengar\n|-supereffective|p1a: Gengar|1\n|-damage|p1a: Gengar|0 fnt\n|faint|p1a: Gengar\n|\n|-weather|Sandstorm|[upkeep]\n|-damage|p1b: Whimsicott|89/100|[from] Sandstorm\n|upkeep\n|inactive|olho do corvo has 30 seconds left.\n|inactive|olho do corvo has 20 seconds left.\n|inactive|olho do corvo has 15 seconds left.\n|-message|olho do corvo forfeited.\n|\n|win|Better Luck VGC\n|raw|olho do corvo's rating: 1132 &rarr; <strong>1111</strong><br />(-21 for losing)\n|raw|Better Luck VGC's rating: 1186 &rarr; <strong>1207</strong><br />(+21 for winning)\n",
  "uploadtime": 1776645282,
  "views": 6,
  "formatid": "gen9championsvgc2026regma",
  "rating": 1111,
  "private": 0,
  "password": null
}