{
  "id": "gen9championsvgc2026regma-2585857992",
  "format": "[Gen 9 Champions] VGC 2026 Reg M-A",
  "players": [
    "Newjeansz",
    "bigearlington"
  ],
  "log": "|j|\u2606Newjeansz\n|j|\u2606bigearlington\n|t:|1776376045\n|gametype|doubles\n|player|p1|Newjeansz|lucas|1182\n|player|p2|bigearlington|102|1175\n|gen|9\n|tier|[Gen 9 Champions] VGC 2026 Reg M-A\n|rated|\n|rule|Species Clause: Limit one of each Pok\u00e9mon\n|rule|Item Clause: Limit 1 of each item\n|clearpoke\n|poke|p1|Lopunny, L50, F|\n|poke|p1|Incineroar, L50, M|\n|poke|p1|Garchomp, L50, F|\n|poke|p1|Meowscarada, L50, F|\n|poke|p1|Slowbro-Galar, L50, M|\n|poke|p1|Aerodactyl, L50, F|\n|poke|p2|Aerodactyl, L50, F|\n|poke|p2|Maushold, L50|\n|poke|p2|Garchomp, L50, M|\n|poke|p2|Delphox, L50, M|\n|poke|p2|Aegislash, L50, F|\n|poke|p2|Floette-Eternal, L50, F|\n|teampreview|4\n|\n|t:|1776376151\n|teamsize|p1|4\n|teamsize|p2|4\n|start\n|switch|p1a: Wolfey|Incineroar, L50, M|100/100\n|switch|p1b: Lombrado|Slowbro-Galar, L50, M|100/100\n|switch|p2a: Aerodactyl|Aerodactyl, L50, F|100/100\n|switch|p2b: Aegislash|Aegislash, L50, F|100/100\n|-ability|p2a: Aerodactyl|Unnerve\n|-ability|p1a: Wolfey|Intimidate|boost\n|-unboost|p2a: Aerodactyl|atk|1\n|-unboost|p2b: Aegislash|atk|1\n|turn|1\n|inactive|Battle timer is ON: inactive players will automatically lose when time's up. (requested by Newjeansz)\n|inactive|bigearlington has 60 seconds left.\n|-activate|p1b: Lombrado|ability: Quick Draw\n|\n|t:|1776376184\n|switch|p2b: Garchomp|Garchomp, L50, M|100/100\n|move|p1a: Wolfey|Fake Out|p2a: Aerodactyl\n|-resisted|p2a: Aerodactyl|1\n|-damage|p2a: Aerodactyl|91/100\n|move|p1b: Lombrado|Flamethrower|p2b: Garchomp\n|-resisted|p2b: Garchomp|1\n|-damage|p2b: Garchomp|85/100\n|cant|p2a: Aerodactyl|flinch\n|\n|upkeep\n|turn|2\n|inactive|bigearlington has 30 seconds left.\n|\n|t:|1776376213\n|move|p1b: Lombrado|Protect|p1b: Lombrado\n|-singleturn|p1b: Lombrado|Protect\n|move|p2a: Aerodactyl|Tailwind|p2a: Aerodactyl\n|-sidestart|p2: bigearlington|move: Tailwind\n|move|p2b: Garchomp|Earthquake|p1b: Lombrado|[spread] p1a\n|-activate|p1b: Lombrado|move: Protect\n|-immune|p2a: Aerodactyl\n|-supereffective|p1a: Wolfey|1\n|-damage|p1a: Wolfey|16/100\n|move|p1a: Wolfey|Parting Shot|p2a: Aerodactyl\n|-unboost|p2a: Aerodactyl|atk|1\n|-unboost|p2a: Aerodactyl|spa|1\n|\n|t:|1776376229\n|switch|p1a: Lola|Lopunny, L50, F, shiny|100/100|[from] Parting Shot\n|\n|upkeep\n|turn|3\n|inactive|bigearlington has 30 seconds left.\n|inactive|bigearlington has 20 seconds left.\n|inactive|bigearlington has 15 seconds left.\n|\n|t:|1776376272\n|move|p1a: Lola|Fake Out|p2a: Aerodactyl\n|-resisted|p2a: Aerodactyl|1\n|-damage|p2a: Aerodactyl|80/100\n|cant|p2a: Aerodactyl|flinch\n|move|p2b: Garchomp|Earthquake|p1b: Lombrado|[spread] p1a,p1b\n|-immune|p2a: Aerodactyl\n|-crit|p1a: Lola\n|-supereffective|p1b: Lombrado|1\n|-damage|p1a: Lola|0 fnt\n|-damage|p1b: Lombrado|11/100\n|faint|p1a: Lola\n|move|p1b: Lombrado|Psychic|p2a: Aerodactyl\n|-damage|p2a: Aerodactyl|24/100\n|\n|upkeep\n|-message|Newjeansz forfeited.\n|\n|win|bigearlington\n|raw|Newjeansz's rating: 1182 &rarr; <strong>1156</strong><br />(-26 for losing)\n|raw|bigearlington's rating: 1175 &rarr; <strong>1201</strong><br />(+26 for winning)\n|l|\u2606Newjeansz\n|player|p1|\n",
  "uploadtime": 1776376296,
  "views": 21,
  "formatid": "gen9championsvgc2026regma",
  "rating": 1156,
  "private": 0,
  "password": null
}