{
  "id": "gen9championsvgc2026regma-2585105615",
  "format": "[Gen 9 Champions] VGC 2026 Reg M-A",
  "players": [
    "OverlordDarx",
    "electrifi3d_"
  ],
  "log": "|j|\u2606OverlordDarx\n|j|\u2606electrifi3d_\n|t:|1776312380\n|gametype|doubles\n|player|p1|OverlordDarx|scientistf|1076\n|player|p2|electrifi3d_|170|1000\n|gen|9\n|tier|[Gen 9 Champions] VGC 2026 Reg M-A\n|rated|\n|rule|Species Clause: Limit one of each Pok\u00e9mon\n|rule|Item Clause: Limit 1 of each item\n|clearpoke\n|poke|p1|Sylveon, L50, M|\n|poke|p1|Aerodactyl, L50, M|\n|poke|p1|Garchomp, L50, M|\n|poke|p1|Basculegion, L50, M|\n|poke|p1|Floette-Eternal, L50, F|\n|poke|p1|Maushold, L50|\n|poke|p2|Golurk, L50|\n|poke|p2|Farigiraf, L50, F|\n|poke|p2|Incineroar, L50, F|\n|poke|p2|Hatterene, L50, F|\n|poke|p2|Sinistcha-Masterpiece, L50|\n|poke|p2|Torkoal, L50, M|\n|teampreview|4\n|inactive|Battle timer is ON: inactive players will automatically lose when time's up. (requested by OverlordDarx)\n|inactive|OverlordDarx has 60 seconds left.\n|\n|t:|1776312413\n|teamsize|p1|4\n|teamsize|p2|4\n|start\n|switch|p1a: Floette|Floette-Eternal, L50, F|100/100\n|switch|p1b: Sylveon|Sylveon, L50, M|100/100\n|switch|p2a: Farigiraf|Farigiraf, L50, F|100/100\n|switch|p2b: Incineroar|Incineroar, L50, F|100/100\n|-ability|p2b: Incineroar|Intimidate|boost\n|-unboost|p1a: Floette|atk|1\n|-unboost|p1b: Sylveon|atk|1\n|turn|1\n|\n|t:|1776312436\n|detailschange|p1a: Floette|Floette-Mega, L50, F\n|-mega|p1a: Floette|Floette|Floettite\n|-ability|p1a: Floette|Fairy Aura\n|move|p2b: Incineroar|Fake Out|p1a: Floette\n|-damage|p1a: Floette|81/100\n|cant|p1a: Floette|flinch\n|move|p1b: Sylveon|Hyper Beam|p2a: Farigiraf\n|-damage|p2a: Farigiraf|0 fnt\n|-mustrecharge|p1b: Sylveon\n|faint|p2a: Farigiraf\n|\n|upkeep\n|\n|t:|1776312453\n|switch|p2a: Golurk|Golurk, L50|100/100\n|turn|2\n|inactive|electrifi3d_ has 30 seconds left.\n|\n|t:|1776312484\n|detailschange|p2a: Golurk|Golurk-Mega, L50\n|-mega|p2a: Golurk|Golurk|Golurkite\n|move|p1a: Floette|Light of Ruin|p2b: Incineroar\n|-damage|p2b: Incineroar|0 fnt\n|faint|p2b: Incineroar\n|-damage|p1a: Floette|25/100|[from] Recoil\n|cant|p1b: Sylveon|recharge\n|move|p2a: Golurk|Poltergeist|p1b: Sylveon\n|-activate|p1b: Sylveon|move: Poltergeist|Fairy Feather\n|-damage|p1b: Sylveon|5/100\n|\n|upkeep\n|-message|electrifi3d_ forfeited.\n|\n|win|OverlordDarx\n|raw|OverlordDarx's rating: 1076 &rarr; <strong>1098</strong><br />(+22 for winning)\n|raw|electrifi3d_'s rating: 1000 &rarr; <strong>1000</strong><br />(+0 for losing)\n|l|\u2606electrifi3d_\n|player|p2|\n",
  "uploadtime": 1776312541,
  "views": 19,
  "formatid": "gen9championsvgc2026regma",
  "rating": 1000,
  "private": 0,
  "password": null
}