{
  "id": "gen9championsvgc2026regma-2588381226",
  "format": "[Gen 9 Champions] VGC 2026 Reg M-A",
  "players": [
    "yyssummer",
    "1#MiraidonHater"
  ],
  "log": "|j|\u2606yyssummer\n|j|\u26061#MiraidonHater\n|t:|1776628765\n|gametype|doubles\n|player|p1|yyssummer|101|1486\n|player|p2|1#MiraidonHater|volkner|1495\n|gen|9\n|tier|[Gen 9 Champions] VGC 2026 Reg M-A\n|rated|\n|rule|Species Clause: Limit one of each Pok\u00e9mon\n|rule|Item Clause: Limit 1 of each item\n|clearpoke\n|poke|p1|Aerodactyl, L50, M, shiny|\n|poke|p1|Farigiraf, L50, F, shiny|\n|poke|p1|Sneasler, L50, M|\n|poke|p1|Meowscarada, L50, F|\n|poke|p1|Primarina, L50, M, shiny|\n|poke|p1|Camerupt, L50, F, shiny|\n|poke|p2|Gardevoir, L50, M|\n|poke|p2|Basculegion, L50, M|\n|poke|p2|Tsareena, L50, F|\n|poke|p2|Incineroar, L50, F|\n|poke|p2|Pelipper, L50, M|\n|poke|p2|Archaludon, L50, F|\n|teampreview|4\n1#MiraidonHater has agreed to open team sheets.\n|\n|t:|1776628792\n|teamsize|p1|4\n|teamsize|p2|4\n|start\n|switch|p1a: Sneasler|Sneasler, L50, M|100/100\n|switch|p1b: Meowscarada|Meowscarada, L50, F|100/100\n|switch|p2a: Bishow|Gardevoir, L50, M|100/100\n|switch|p2b: Dop Dururum|Basculegion, L50, M|100/100\n|-ability|p2a: Bishow|Protean|Trace|[from] ability: Trace|[of] p1b: Meowscarada\n|turn|1\n|j| porygon-epilepz\n|\n|t:|1776628809\n|switch|p2b: Killer Queen|Tsareena, L50, F|100/100\n|detailschange|p2a: Bishow|Gardevoir-Mega, L50, M\n|-mega|p2a: Bishow|Gardevoir|Gardevoirite\n|move|p1b: Meowscarada|Flower Trick|p2b: Killer Queen\n|-start|p1b: Meowscarada|typechange|Grass|[from] ability: Protean\n|-resisted|p2b: Killer Queen|1\n|-crit|p2b: Killer Queen\n|-damage|p2b: Killer Queen|79/100\n|move|p1a: Sneasler|Dire Claw|p2a: Bishow\n|-supereffective|p2a: Bishow|1\n|-damage|p2a: Bishow|0 fnt\n|faint|p2a: Bishow\n|\n|upkeep\n|\n|t:|1776628830\n|switch|p2a: Dop Dururum|Basculegion, L50, M|100/100\n|turn|2\n|j| Fffffhhg\n|\n|t:|1776628841\n|move|p2b: Killer Queen|Protect|p2b: Killer Queen\n|-singleturn|p2b: Killer Queen|Protect\n|move|p1b: Meowscarada|Flower Trick|p2a: Dop Dururum\n|-supereffective|p2a: Dop Dururum|1\n|-crit|p2a: Dop Dururum\n|-damage|p2a: Dop Dururum|0 fnt\n|faint|p2a: Dop Dururum\n|move|p1a: Sneasler|Dire Claw|p2b: Killer Queen\n|-activate|p2b: Killer Queen|move: Protect\n|\n|upkeep\n|-message|1#MiraidonHater forfeited.\n|\n|win|yyssummer\n|raw|yyssummer's rating: 1486 &rarr; <strong>1507</strong><br />(+21 for winning)\n|raw|1#MiraidonHater's rating: 1495 &rarr; <strong>1474</strong><br />(-21 for losing)\n",
  "uploadtime": 1776628767,
  "views": 26,
  "formatid": "gen9championsvgc2026regma",
  "rating": 1474,
  "private": 0,
  "password": null
}