{
  "id": "gen9championsvgc2026regma-2584273162",
  "format": "[Gen 9 Champions] VGC 2026 Reg M-A",
  "players": [
    "ioan5001",
    "he0"
  ],
  "log": "|j|\u2606ioan5001\n|j|\u2606he0\n|t:|1776245808\n|gametype|doubles\n|player|p1|ioan5001|n|1120\n|player|p2|he0|sabrina-masters|1177\n|gen|9\n|tier|[Gen 9 Champions] VGC 2026 Reg M-A\n|rated|\n|rule|Species Clause: Limit one of each Pok\u00e9mon\n|rule|Item Clause: Limit 1 of each item\n|clearpoke\n|poke|p1|Garchomp, L50, F|\n|poke|p1|Dragonite, L50, M|\n|poke|p1|Tyranitar, L50, F|\n|poke|p1|Whimsicott, L50, M|\n|poke|p1|Sylveon, L50, M|\n|poke|p1|Incineroar, L50, F|\n|poke|p2|Garchomp, L50, M|\n|poke|p2|Whimsicott, L50, M|\n|poke|p2|Floette-Eternal, L50, F|\n|poke|p2|Sneasler, L50, F|\n|poke|p2|Basculegion, L50, M|\n|poke|p2|Kingambit, L50, F|\n|teampreview|4\n|inactive|Battle timer is ON: inactive players will automatically lose when time's up. (requested by ioan5001)\n|inactive|he0 has 60 seconds left.\n|inactive|he0 has 30 seconds left.\n|inactive|he0 has 20 seconds left.\n|inactive|he0 has 15 seconds left.\n|\n|t:|1776245885\n|teamsize|p1|4\n|teamsize|p2|4\n|start\n|switch|p1a: Garchomp|Garchomp, L50, F|100/100\n|switch|p1b: Whimsicott|Whimsicott, L50, M|100/100\n|switch|p2a: Floette|Floette-Eternal, L50, F|100/100\n|switch|p2b: Whimsicott|Whimsicott, L50, M|100/100\n|turn|1\n|\n|t:|1776245907\n|detailschange|p2a: Floette|Floette-Mega, L50, F\n|-mega|p2a: Floette|Floette|Floettite\n|-ability|p2a: Floette|Fairy Aura\n|move|p1a: Garchomp|Protect|p1a: Garchomp\n|-singleturn|p1a: Garchomp|Protect\n|move|p1b: Whimsicott|Taunt|p2b: Whimsicott\n|-start|p2b: Whimsicott|move: Taunt\n|move|p2b: Whimsicott|Moonblast|p1b: Whimsicott\n|-damage|p1b: Whimsicott|41/100\n|move|p2a: Floette|Dazzling Gleam|p1a: Garchomp|[spread] p1b\n|-activate|p1a: Garchomp|move: Protect\n|-damage|p1b: Whimsicott|0 fnt\n|faint|p1b: Whimsicott\n|\n|upkeep\n|\n|t:|1776245921\n|switch|p1b: Tyranitar|Tyranitar, L50, F|100/100\n|-weather|Sandstorm|[from] ability: Sand Stream|[of] p1b: Tyranitar\n|turn|2\n|\n|t:|1776245929\n|switch|p2b: Garchomp|Garchomp, L50, M|100/100\n|detailschange|p1a: Garchomp|Garchomp-Mega, L50, F\n|-mega|p1a: Garchomp|Garchomp|Garchompite\n|move|p2a: Floette|Protect|p2a: Floette\n|-singleturn|p2a: Floette|Protect\n|move|p1a: Garchomp|Stomping Tantrum|p2a: Floette\n|-activate|p2a: Floette|move: Protect\n|move|p1b: Tyranitar|Iron Head|p2a: Floette\n|-activate|p2a: Floette|move: Protect\n|\n|-weather|Sandstorm|[upkeep]\n|-damage|p2a: Floette|95/100|[from] Sandstorm\n|upkeep\n|turn|3\n|-message|ioan5001 forfeited.\n|\n|win|he0\n|raw|ioan5001's rating: 1120 &rarr; <strong>1099</strong><br />(-21 for losing)\n|raw|he0's rating: 1177 &rarr; <strong>1198</strong><br />(+21 for winning)\n|l|\u2606ioan5001\n|player|p1|\n",
  "uploadtime": 1776245956,
  "views": 24,
  "formatid": "gen9championsvgc2026regma",
  "rating": 1099,
  "private": 0,
  "password": null
}