{
  "id": "gen9championsvgc2026regma-2586862258",
  "format": "[Gen 9 Champions] VGC 2026 Reg M-A",
  "players": [
    "PurpleSnowyyy",
    "FreakShowSaori"
  ],
  "log": "|j|\u2606PurpleSnowyyy\n|j|\u2606FreakShowSaori\n|t:|1776466296\n|gametype|doubles\n|player|p1|PurpleSnowyyy|rosa-masters|1115\n|player|p2|FreakShowSaori|roxie|1015\n|gen|9\n|tier|[Gen 9 Champions] VGC 2026 Reg M-A\n|rated|\n|rule|Species Clause: Limit one of each Pok\u00e9mon\n|rule|Item Clause: Limit 1 of each item\n|clearpoke\n|poke|p1|Froslass, L50, F|\n|poke|p1|Sneasler, L50, F|\n|poke|p1|Samurott-Hisui, L50, M|\n|poke|p1|Corviknight, L50, F|\n|poke|p1|Arcanine-Hisui, L50, F|\n|poke|p1|Mimikyu, L50, M|\n|poke|p2|Gliscor, L50, F|\n|poke|p2|Aggron, L50, F|\n|poke|p2|Milotic, L50, F|\n|poke|p2|Slowbro-Galar, L50, F|\n|poke|p2|Aromatisse, L50, F|\n|poke|p2|Hydreigon, L50, F|\n|teampreview|4\n|\n|t:|1776466327\n|teamsize|p1|4\n|teamsize|p2|4\n|start\n|switch|p1a: Froslass|Froslass, L50, F|100/100\n|switch|p1b: Sneasler|Sneasler, L50, F|100/100\n|switch|p2a: Aggron|Aggron, L50, F|100/100\n|switch|p2b: Hydreigon|Hydreigon, L50, F, shiny|100/100\n|turn|1\n|\n|t:|1776466347\n|detailschange|p1a: Froslass|Froslass-Mega, L50, F\n|-mega|p1a: Froslass|Froslass|Froslassite\n|-weather|Snowscape|[from] ability: Snow Warning|[of] p1a: Froslass\n|move|p2b: Hydreigon|Protect|p2b: Hydreigon\n|-singleturn|p2b: Hydreigon|Protect\n|move|p1b: Sneasler|Fake Out|p2a: Aggron\n|-resisted|p2a: Aggron|2\n|-damage|p2a: Aggron|98/100\n|move|p1a: Froslass|Blizzard|p2a: Aggron|[spread] p2a\n|-activate|p2b: Hydreigon|move: Protect\n|-resisted|p2a: Aggron|1\n|-crit|p2a: Aggron\n|-damage|p2a: Aggron|54/100\n|cant|p2a: Aggron|flinch\n|\n|-weather|Snowscape|[upkeep]\n|upkeep\n|turn|2\n|\n|t:|1776466369\n|detailschange|p2a: Aggron|Aggron-Mega, L50, F\n|-mega|p2a: Aggron|Aggron|Aggronite\n|move|p1b: Sneasler|Close Combat|p2a: Aggron\n|-supereffective|p2a: Aggron|1\n|-damage|p2a: Aggron|8/100\n|-unboost|p1b: Sneasler|def|1\n|-unboost|p1b: Sneasler|spd|1\n|-enditem|p1b: Sneasler|White Herb\n|-clearnegativeboost|p1b: Sneasler|[silent]\n|move|p1a: Froslass|Blizzard|p2b: Hydreigon|[spread] p2a,p2b\n|-resisted|p2a: Aggron|1\n|-supereffective|p2b: Hydreigon|1\n|-damage|p2a: Aggron|0 fnt\n|-damage|p2b: Hydreigon|19/100\n|-status|p2b: Hydreigon|frz\n|faint|p2a: Aggron\n|cant|p2b: Hydreigon|frz\n|\n|-weather|Snowscape|[upkeep]\n|upkeep\n|-message|FreakShowSaori forfeited.\n|\n|win|PurpleSnowyyy\n|raw|PurpleSnowyyy's rating: 1115 &rarr; <strong>1133</strong><br />(+18 for winning)\n|raw|FreakShowSaori's rating: 1015 &rarr; <strong>1006</strong><br />(-9 for losing)\n|l|\u2606FreakShowSaori\n|player|p2|\n",
  "uploadtime": 1776466389,
  "views": 36,
  "formatid": "gen9championsvgc2026regma",
  "rating": 1006,
  "private": 0,
  "password": null
}