{
  "id": "gen9championsvgc2026regma-2588298761",
  "format": "[Gen 9 Champions] VGC 2026 Reg M-A",
  "players": [
    "DavidTIS",
    "Alex7029"
  ],
  "log": "|j|\u2606DavidTIS\n|j|\u2606Alex7029\n|t:|1776622079\n|gametype|doubles\n|player|p1|DavidTIS|1|1194\n|player|p2|Alex7029|169|1208\n|gen|9\n|tier|[Gen 9 Champions] VGC 2026 Reg M-A\n|rated|\n|rule|Species Clause: Limit one of each Pok\u00e9mon\n|rule|Item Clause: Limit 1 of each item\n|clearpoke\n|poke|p1|Starmie, L50|\n|poke|p1|Lucario, L50, M|\n|poke|p1|Zoroark-Hisui, L50, F|\n|poke|p1|Lycanroc-Dusk, L50, F|\n|poke|p1|Skarmory, L50, F|\n|poke|p1|Hydreigon, L50, M|\n|poke|p2|Floette-Eternal, L50, F|\n|poke|p2|Kommo-o, L50, M|\n|poke|p2|Aegislash, L50, F|\n|poke|p2|Incineroar, L50, M|\n|poke|p2|Rotom-Wash, L50|\n|poke|p2|Tyranitar, L50, F|\n|teampreview|4\n|inactive|Battle timer is ON: inactive players will automatically lose when time's up. (requested by DavidTIS)\n|inactive|DavidTIS has 60 seconds left.\n|inactive|Alex7029 has 60 seconds left.\n|inactive|DavidTIS has 30 seconds left.\n|inactive|Alex7029 has 30 seconds left.\n|\n|t:|1776622148\n|teamsize|p1|4\n|teamsize|p2|4\n|start\n|switch|p1a: Lucario|Lucario, L50, M|100/100\n|switch|p1b: Lycanroc|Lycanroc-Dusk, L50, F|100/100\n|switch|p2a: Rotom|Rotom-Wash, L50|100/100\n|switch|p2b: Kommo-o|Kommo-o, L50, M|100/100\n|turn|1\n|inactive|DavidTIS has 30 seconds left.\n|\n|t:|1776622180\n|move|p2a: Rotom|Electroweb|p1a: Lucario|[spread] p1a,p1b\n|-damage|p1a: Lucario|69/100\n|-damage|p1b: Lycanroc|70/100\n|-unboost|p1a: Lucario|spe|1\n|-unboost|p1b: Lycanroc|spe|1\n|move|p2b: Kommo-o|Clangorous Soul|p2b: Kommo-o\n|-boost|p2b: Kommo-o|atk|1\n|-boost|p2b: Kommo-o|def|1\n|-boost|p2b: Kommo-o|spa|1\n|-boost|p2b: Kommo-o|spd|1\n|-boost|p2b: Kommo-o|spe|1\n|-damage|p2b: Kommo-o|68/100\n|move|p1b: Lycanroc|Rock Slide|p2a: Rotom|[spread] p2a,p2b\n|-resisted|p2b: Kommo-o|1\n|-damage|p2a: Rotom|62/100\n|-damage|p2b: Kommo-o|59/100\n|move|p1a: Lucario|Aura Sphere|p2a: Rotom\n|-damage|p2a: Rotom|10/100\n|\n|-heal|p2b: Kommo-o|65/100|[from] item: Leftovers\n|upkeep\n|turn|2\n|\n|t:|1776622202\n|switch|p2a: Incineroar|Incineroar, L50, M|100/100\n|-ability|p2a: Incineroar|Intimidate|boost\n|-fail|p1a: Lucario|unboost|Attack|[from] ability: Inner Focus|[of] p1a: Lucario\n|-unboost|p1b: Lycanroc|atk|1\n|move|p1b: Lycanroc|Accelerock|p2a: Incineroar\n|-supereffective|p2a: Incineroar|1\n|-crit|p2a: Incineroar\n|-damage|p2a: Incineroar|35/100\n|-enditem|p2a: Incineroar|Sitrus Berry|[eat]\n|-heal|p2a: Incineroar|60/100|[from] item: Sitrus Berry\n|move|p1a: Lucario|Vacuum Wave|p2b: Kommo-o\n|-damage|p2b: Kommo-o|49/100\n|move|p2b: Kommo-o|Aura Sphere|p1a: Lucario\n|-supereffective|p1a: Lucario|1\n|-damage|p1a: Lucario|0 fnt\n|faint|p1a: Lucario\n|\n|-heal|p2b: Kommo-o|55/100|[from] item: Leftovers\n|upkeep\n|inactive|DavidTIS has 30 seconds left.\n|\n|t:|1776622231\n|switch|p1a: Starmie|Starmie, L50|100/100\n|turn|3\n|inactive|Alex7029 has 30 seconds left.\n|inactive|Alex7029 has 20 seconds left.\n|inactive|Alex7029 has 15 seconds left.\n|\n|t:|1776622275\n|detailschange|p1a: Starmie|Starmie-Mega, L50\n|-mega|p1a: Starmie|Starmie|Starminite\n|move|p2a: Incineroar|Helping Hand|p2b: Kommo-o\n|-singleturn|p2b: Kommo-o|Helping Hand|[of] p2a: Incineroar\n|move|p1b: Lycanroc|Accelerock|p2a: Incineroar\n|-supereffective|p2a: Incineroar|1\n|-damage|p2a: Incineroar|32/100\n|move|p2b: Kommo-o|Clanging Scales|p1b: Lycanroc|[spread] p1a,p1b\n|-damage|p1a: Starmie|0 fnt\n|-damage|p1b: Lycanroc|0 fnt\n|faint|p1a: Starmie\n|faint|p1b: Lycanroc\n|-unboost|p2b: Kommo-o|def|1\n|\n|-heal|p2b: Kommo-o|61/100|[from] item: Leftovers\n|upkeep\n|c|\u2606DavidTIS|gg\n|\n|t:|1776622293\n|switch|p1a: Hydreigon|Hydreigon, L50, M|100/100\n|turn|4\n|\n|t:|1776622300\n|move|p2a: Incineroar|Helping Hand|p2b: Kommo-o\n|-singleturn|p2b: Kommo-o|Helping Hand|[of] p2a: Incineroar\n|move|p2b: Kommo-o|Clanging Scales|p1a: Hydreigon\n|-supereffective|p1a: Hydreigon|1\n|-damage|p1a: Hydreigon|0 fnt\n|faint|p1a: Hydreigon\n|\n|win|Alex7029\n|raw|DavidTIS's rating: 1194 &rarr; <strong>1170</strong><br />(-24 for losing)\n|raw|Alex7029's rating: 1208 &rarr; <strong>1232</strong><br />(+24 for winning)\n",
  "uploadtime": 1776622307,
  "views": 15,
  "formatid": "gen9championsvgc2026regma",
  "rating": 1170,
  "private": 0,
  "password": null
}