{
  "id": "gen9championsvgc2026regma-2587806599",
  "format": "[Gen 9 Champions] VGC 2026 Reg M-A",
  "players": [
    "TheManOfSausage",
    "zhz2021"
  ],
  "log": "|j|\u2606TheManOfSausage\n|j|\u2606zhz2021\n|t:|1776565930\n|gametype|doubles\n|player|p1|TheManOfSausage|miku-water|1555\n|player|p2|zhz2021|marley|1560\n|gen|9\n|tier|[Gen 9 Champions] VGC 2026 Reg M-A\n|rated|\n|rule|Species Clause: Limit one of each Pok\u00e9mon\n|rule|Item Clause: Limit 1 of each item\n|clearpoke\n|poke|p1|Froslass, L50, F|\n|poke|p1|Volcarona, L50, M, shiny|\n|poke|p1|Aerodactyl, L50, M|\n|poke|p1|Sneasler, L50, M|\n|poke|p1|Kingambit, L50, M, shiny|\n|poke|p1|Garchomp, L50, M|\n|poke|p2|Sableye, L50, F|\n|poke|p2|Archaludon, L50, F|\n|poke|p2|Scovillain, L50, F, shiny|\n|poke|p2|Basculegion-F, L50, F, shiny|\n|poke|p2|Pelipper, L50, F|\n|poke|p2|Mamoswine, L50, M|\n|teampreview|4\nTheManOfSausage has agreed to open team sheets.\n|j| visael mk. II\n|\n|t:|1776565953\n|teamsize|p1|4\n|teamsize|p2|4\n|start\n|switch|p1a: Froslass|Froslass, L50, F|100/100\n|switch|p1b: Sneasler|Sneasler, L50, M|100/100\n|switch|p2a: Sableye|Sableye, L50, F|100/100\n|switch|p2b: Basculegion|Basculegion-F, L50, F, shiny|100/100\n|turn|1\n|\n|t:|1776565986\n|switch|p1b: Volcarona|Volcarona, L50, M, shiny|100/100\n|move|p2a: Sableye|Rain Dance|p2a: Sableye\n|-weather|RainDance\n|move|p2b: Basculegion|Muddy Water|p1b: Volcarona|[spread] p1a\n|-miss|p2b: Basculegion|p1b: Volcarona\n|-damage|p1a: Froslass|19/100\n|move|p1a: Froslass|Nasty Plot|p1a: Froslass\n|-boost|p1a: Froslass|spa|2\n|\n|-weather|RainDance|[upkeep]\n|upkeep\n|turn|2\n|\n|t:|1776565999\n|move|p1a: Froslass|Protect|p1a: Froslass\n|-singleturn|p1a: Froslass|Protect\n|move|p2a: Sableye|Rain Dance||[still]\n|-fail|p2a: Sableye\n|move|p2b: Basculegion|Muddy Water|p1a: Froslass|[spread] p1b\n|-activate|p1a: Froslass|move: Protect\n|-supereffective|p1b: Volcarona|1\n|-damage|p1b: Volcarona|9/100\n|move|p1b: Volcarona|Struggle Bug|p2a: Sableye|[spread] p2a,p2b\n|-resisted|p2b: Basculegion|1\n|-damage|p2a: Sableye|74/100\n|-damage|p2b: Basculegion|87/100\n|-unboost|p2a: Sableye|spa|1\n|-unboost|p2b: Basculegion|spa|1\n|\n|-weather|RainDance|[upkeep]\n|-heal|p1b: Volcarona|15/100|[from] item: Leftovers\n|upkeep\n|turn|3\n|\n|t:|1776566019\n|detailschange|p1a: Froslass|Froslass-Mega, L50, F\n|-mega|p1a: Froslass|Froslass|Froslassite\n|-weather|Snowscape|[from] ability: Snow Warning|[of] p1a: Froslass\n|move|p1b: Volcarona|Protect|p1b: Volcarona\n|-singleturn|p1b: Volcarona|Protect\n|move|p2a: Sableye|Rain Dance|p2a: Sableye\n|-weather|RainDance\n|move|p2b: Basculegion|Muddy Water|p1a: Froslass|[spread] p1a\n|-activate|p1b: Volcarona|move: Protect\n|-crit|p1a: Froslass\n|-damage|p1a: Froslass|0 fnt\n|faint|p1a: Froslass\n|\n|-weather|RainDance|[upkeep]\n|-heal|p1b: Volcarona|21/100|[from] item: Leftovers\n|upkeep\n|-message|TheManOfSausage forfeited.\n|\n|win|zhz2021\n|raw|TheManOfSausage's rating: 1555 &rarr; <strong>1535</strong><br />(-20 for losing)\n|raw|zhz2021's rating: 1560 &rarr; <strong>1580</strong><br />(+20 for winning)\n|l|\u2606TheManOfSausage\n|player|p1|\n|l| visael mk. II\n|l|\u2606zhz2021\n|player|p2|\n",
  "uploadtime": 1776566060,
  "views": 22,
  "formatid": "gen9championsvgc2026regma",
  "rating": 1535,
  "private": 0,
  "password": null
}