{
  "id": "gen9championsvgc2026regma-2586388476",
  "format": "[Gen 9 Champions] VGC 2026 Reg M-A",
  "players": [
    "rosebudpup",
    "Jthepoke"
  ],
  "log": "|j|\u2606rosebudpup\n|j|\u2606Jthepoke\n|t:|1776431063\n|gametype|doubles\n|player|p1|rosebudpup|leaf-masters|1441\n|player|p2|Jthepoke|cyrus|1531\n|gen|9\n|tier|[Gen 9 Champions] VGC 2026 Reg M-A\n|rated|\n|rule|Species Clause: Limit one of each Pok\u00e9mon\n|rule|Item Clause: Limit 1 of each item\n|clearpoke\n|poke|p1|Aerodactyl, L50, F|\n|poke|p1|Garchomp, L50, F|\n|poke|p1|Sneasler, L50, M|\n|poke|p1|Rotom-Wash, L50|\n|poke|p1|Kingambit, L50, F|\n|poke|p1|Froslass, L50, F|\n|poke|p2|Floette-Eternal, L50, F|\n|poke|p2|Garchomp, L50, F|\n|poke|p2|Kingambit, L50, M|\n|poke|p2|Basculegion, L50, M|\n|poke|p2|Sneasler, L50, M|\n|poke|p2|Froslass, L50, F|\n|teampreview|4\n|inactive|Battle timer is ON: inactive players will automatically lose when time's up. (requested by rosebudpup)\n|\n|t:|1776431090\n|teamsize|p1|4\n|teamsize|p2|4\n|start\n|switch|p1a: Froslass|Froslass, L50, F|100/100\n|switch|p1b: Kingambit|Kingambit, L50, F|100/100\n|switch|p2a: Sneasler|Sneasler, L50, M|100/100\n|switch|p2b: Basculegion|Basculegion, L50, M|100/100\n|turn|1\n|\n|t:|1776431107\n|detailschange|p1a: Froslass|Froslass-Mega, L50, F\n|-mega|p1a: Froslass|Froslass|Froslassite\n|-weather|Snowscape|[from] ability: Snow Warning|[of] p1a: Froslass\n|move|p1b: Kingambit|Protect|p1b: Kingambit\n|-singleturn|p1b: Kingambit|Protect\n|move|p1a: Froslass|Blizzard|p2b: Basculegion|[spread] p2a,p2b\n|-resisted|p2b: Basculegion|1\n|-damage|p2a: Sneasler|37/100\n|-damage|p2b: Basculegion|77/100\n|move|p2a: Sneasler|Dire Claw|p1a: Froslass\n|-resisted|p1a: Froslass|1\n|-damage|p1a: Froslass|78/100\n|-status|p1a: Froslass|psn\n|move|p2b: Basculegion|Last Respects|p1a: Froslass\n|-supereffective|p1a: Froslass|1\n|-damage|p1a: Froslass|9/100 psn\n|\n|-weather|Snowscape|[upkeep]\n|-damage|p1a: Froslass|0 fnt|[from] psn\n|faint|p1a: Froslass\n|upkeep\n|\n|t:|1776431115\n|switch|p1a: Aerodactyl|Aerodactyl, L50, F|100/100\n|-ability|p1a: Aerodactyl|Unnerve\n|turn|2\n|\n|t:|1776431136\n|switch|p2a: Garchomp|Garchomp, L50, F|100/100\n|move|p2b: Basculegion|Aqua Jet|p1a: Aerodactyl\n|-supereffective|p1a: Aerodactyl|1\n|-damage|p1a: Aerodactyl|16/100\n|move|p1a: Aerodactyl|Dual Wingbeat|p2a: Garchomp\n|-damage|p2a: Garchomp|84/100\n|-damage|p1a: Aerodactyl|4/100|[from] ability: Rough Skin|[of] p2a: Garchomp\n|-damage|p2a: Garchomp|69/100\n|-damage|p1a: Aerodactyl|0 fnt|[from] ability: Rough Skin|[of] p2a: Garchomp\n|faint|p1a: Aerodactyl\n|-hitcount|p2a: Garchomp|2\n|move|p1b: Kingambit|Iron Head|p2b: Basculegion\n|-resisted|p2b: Basculegion|1\n|-damage|p2b: Basculegion|52/100\n|\n|-weather|Snowscape|[upkeep]\n|upkeep\n|-message|rosebudpup forfeited.\n|\n|win|Jthepoke\n|raw|rosebudpup's rating: 1441 &rarr; <strong>1426</strong><br />(-15 for losing)\n|raw|Jthepoke's rating: 1531 &rarr; <strong>1546</strong><br />(+15 for winning)\n|l|\u2606rosebudpup\n|player|p1|\n",
  "uploadtime": 1776431156,
  "views": 78,
  "formatid": "gen9championsvgc2026regma",
  "rating": 1426,
  "private": 0,
  "password": null
}