{
  "id": "gen9championsvgc2026regma-2587869685",
  "format": "[Gen 9 Champions] VGC 2026 Reg M-A",
  "players": [
    "radioiamp",
    "buddy01820"
  ],
  "log": "|j|\u2606radioiamp\n|j|\u2606buddy01820\n|t:|1776572697\n|gametype|doubles\n|player|p1|radioiamp|170|1416\n|player|p2|buddy01820|102|1411\n|gen|9\n|tier|[Gen 9 Champions] VGC 2026 Reg M-A\n|rated|\n|rule|Species Clause: Limit one of each Pok\u00e9mon\n|rule|Item Clause: Limit 1 of each item\n|clearpoke\n|poke|p1|Golurk, L50|\n|poke|p1|Sneasler, L50, M|\n|poke|p1|Venusaur, L50, F|\n|poke|p1|Torkoal, L50, F|\n|poke|p1|Farigiraf, L50, M|\n|poke|p1|Kleavor, L50, M|\n|poke|p2|Aerodactyl, L50, M, shiny|\n|poke|p2|Starmie, L50, shiny|\n|poke|p2|Tyranitar, L50, M, shiny|\n|poke|p2|Excadrill, L50, M, shiny|\n|poke|p2|Rotom-Wash, L50, shiny|\n|poke|p2|Conkeldurr, L50, F, shiny|\n|teampreview|4\n|\n|t:|1776572727\n|teamsize|p1|4\n|teamsize|p2|4\n|start\n|switch|p1a: Sneasler|Sneasler, L50, M|100/100\n|switch|p1b: Farigiraf|Farigiraf, L50, M|100/100\n|switch|p2a: Starmie|Starmie, L50, shiny|100/100\n|switch|p2b: Tyranitar|Tyranitar, L50, M, shiny|100/100\n|-weather|Sandstorm|[from] ability: Sand Stream|[of] p2b: Tyranitar\n|turn|1\n|\n|t:|1776572739\n|detailschange|p2a: Starmie|Starmie-Mega, L50, shiny\n|-mega|p2a: Starmie|Starmie|Starminite\n|move|p1a: Sneasler|Close Combat|p2b: Tyranitar\n|-supereffective|p2b: Tyranitar|2\n|-damage|p2b: Tyranitar|0 fnt\n|-unboost|p1a: Sneasler|def|1\n|-unboost|p1a: Sneasler|spd|1\n|faint|p2b: Tyranitar\n|move|p2a: Starmie|Skill Swap|p2: Tyranitar|[notarget]\n|-fail|p2a: Starmie\n|move|p1b: Farigiraf|Trick Room|p1b: Farigiraf\n|-fieldstart|move: Trick Room|[of] p1b: Farigiraf\n|\n|-weather|Sandstorm|[upkeep]\n|-damage|p1b: Farigiraf|94/100|[from] Sandstorm\n|-damage|p2a: Starmie|95/100|[from] Sandstorm\n|-damage|p1a: Sneasler|95/100|[from] Sandstorm\n|upkeep\n|l|\u2606buddy01820\n|player|p2|\n|j|\u2606buddy01820\n|player|p2|buddy01820|102|\n|l|\u2606buddy01820\n|player|p2|\n|inactive|Battle timer is ON: inactive players will automatically lose when time's up. (requested by radioiamp)\n|inactive|buddy01820 has 30 seconds to reconnect!\n|inactive|buddy01820 has 20 seconds to reconnect!\n|inactive|buddy01820 has 15 seconds to reconnect!\n|inactive|buddy01820 has 10 seconds to reconnect!\n|inactive|buddy01820 has 5 seconds to reconnect!\n|j|\u2606buddy01820\n|inactive|buddy01820 reconnected and has 35 seconds left.\n|player|p2|buddy01820|102|\n|inactive|buddy01820 has 30 seconds left.\n|l|\u2606buddy01820\n|inactive|buddy01820 disconnected and has a minute to reconnect!\n|player|p2|\n|inactive|buddy01820 has 20 seconds left.\n|j|\u2606buddy01820\n|inactive|buddy01820 reconnected and has 20 seconds left.\n|player|p2|buddy01820|102|\n|inactive|buddy01820 has 15 seconds left.\n|-message|buddy01820 forfeited.\n|\n|win|radioiamp\n|raw|radioiamp's rating: 1416 &rarr; <strong>1436</strong><br />(+20 for winning)\n|raw|buddy01820's rating: 1411 &rarr; <strong>1391</strong><br />(-20 for losing)\n|l|\u2606buddy01820\n|player|p2|\n|l|\u2606radioiamp\n|player|p1|\n",
  "uploadtime": 1776572912,
  "views": 17,
  "formatid": "gen9championsvgc2026regma",
  "rating": 1391,
  "private": 0,
  "password": null
}