{
  "id": "gen9championsvgc2026regma-2586703024",
  "format": "[Gen 9 Champions] VGC 2026 Reg M-A",
  "players": [
    "bioarmor01",
    "catpotatt"
  ],
  "log": "|j|\u2606bioarmor01\n|j|\u2606catpotatt\n|t:|1776453400\n|gametype|doubles\n|player|p1|bioarmor01|pokemaniac|1331\n|player|p2|catpotatt|roxie|1400\n|gen|9\n|tier|[Gen 9 Champions] VGC 2026 Reg M-A\n|rated|\n|rule|Species Clause: Limit one of each Pok\u00e9mon\n|rule|Item Clause: Limit 1 of each item\n|clearpoke\n|poke|p1|Talonflame, L50, F|\n|poke|p1|Garchomp, L50, M|\n|poke|p1|Rotom-Wash, L50|\n|poke|p1|Sneasler, L50, F|\n|poke|p1|Aerodactyl, L50, F|\n|poke|p1|Gardevoir, L50, M|\n|poke|p2|Basculegion, L50, M|\n|poke|p2|Floette-Eternal, L50, F|\n|poke|p2|Talonflame, L50, F|\n|poke|p2|Garchomp, L50, F|\n|poke|p2|Gardevoir, L50, M|\n|poke|p2|Rotom-Heat, L50|\n|teampreview|4\n|inactive|Battle timer is ON: inactive players will automatically lose when time's up. (requested by bioarmor01)\n|inactive|bioarmor01 has 60 seconds left.\n|inactive|catpotatt has 60 seconds left.\n|\n|t:|1776453432\n|teamsize|p1|4\n|teamsize|p2|4\n|start\n|switch|p1a: Aerodactyl|Aerodactyl, L50, F|100/100\n|switch|p1b: Garchomp|Garchomp, L50, M|100/100\n|switch|p2a: Talonflame|Talonflame, L50, F|100/100\n|switch|p2b: Floette|Floette-Eternal, L50, F|100/100\n|-ability|p1a: Aerodactyl|Unnerve\n|turn|1\n|inactive|catpotatt has 30 seconds left.\n|\n|t:|1776453461\n|switch|p1b: Gardevoir|Gardevoir, L50, M|100/100\n|detailschange|p2b: Floette|Floette-Mega, L50, F\n|-mega|p2b: Floette|Floette|Floettite\n|-ability|p2b: Floette|Fairy Aura\n|move|p2a: Talonflame|Tailwind|p2a: Talonflame\n|-sidestart|p2: catpotatt|move: Tailwind\n|move|p2b: Floette|Dazzling Gleam|p1a: Aerodactyl|[spread] p1a,p1b\n|-damage|p1a: Aerodactyl|23/100\n|-damage|p1b: Gardevoir|45/100\n|move|p1a: Aerodactyl|Tailwind|p1a: Aerodactyl\n|-sidestart|p1: bioarmor01|move: Tailwind\n|\n|upkeep\n|turn|2\n|inactive|catpotatt has 30 seconds left.\n|\n|t:|1776453489\n|detailschange|p1b: Gardevoir|Gardevoir-Mega, L50, M\n|-mega|p1b: Gardevoir|Gardevoir|Gardevoirite\n|move|p1b: Gardevoir|Protect|p1b: Gardevoir\n|-singleturn|p1b: Gardevoir|Protect\n|move|p2a: Talonflame|Dual Wingbeat|p1a: Aerodactyl\n|-resisted|p1a: Aerodactyl|1\n|-damage|p1a: Aerodactyl|10/100\n|-resisted|p1a: Aerodactyl|1\n|-damage|p1a: Aerodactyl|0 fnt\n|faint|p1a: Aerodactyl\n|-hitcount|p1: Aerodactyl|2\n|move|p2b: Floette|Dazzling Gleam|p1b: Gardevoir\n|-activate|p1b: Gardevoir|move: Protect\n|\n|upkeep\n|\n|t:|1776453497\n|switch|p1a: Sneasler|Sneasler, L50, F|100/100\n|turn|3\n|\n|t:|1776453510\n|move|p2a: Talonflame|Protect|p2a: Talonflame\n|-singleturn|p2a: Talonflame|Protect\n|move|p2b: Floette|Protect|p2b: Floette\n|-singleturn|p2b: Floette|Protect\n|move|p1a: Sneasler|Fake Out|p2a: Talonflame\n|-activate|p2a: Talonflame|move: Protect\n|move|p1b: Gardevoir|Hyper Voice|p2a: Talonflame|[spread] \n|-activate|p2a: Talonflame|move: Protect\n|-activate|p2b: Floette|move: Protect\n|\n|upkeep\n|turn|4\n|\n|t:|1776453519\n|move|p1a: Sneasler|Protect|p1a: Sneasler\n|-singleturn|p1a: Sneasler|Protect\n|move|p2a: Talonflame|Dual Wingbeat|p1a: Sneasler\n|-activate|p1a: Sneasler|move: Protect\n|move|p2b: Floette|Dazzling Gleam|p1b: Gardevoir|[spread] p1b\n|-activate|p1a: Sneasler|move: Protect\n|-damage|p1b: Gardevoir|0 fnt\n|faint|p1b: Gardevoir\n|\n|-sideend|p1: bioarmor01|move: Tailwind\n|-sideend|p2: catpotatt|move: Tailwind\n|upkeep\n|-message|bioarmor01 forfeited.\n|\n|win|catpotatt\n|raw|bioarmor01's rating: 1331 &rarr; <strong>1315</strong><br />(-16 for losing)\n|raw|catpotatt's rating: 1400 &rarr; <strong>1416</strong><br />(+16 for winning)\n|l|\u2606bioarmor01\n|player|p1|\n|c|\u2606catpotatt|gg\n",
  "uploadtime": 1776453534,
  "views": 46,
  "formatid": "gen9championsvgc2026regma",
  "rating": 1315,
  "private": 0,
  "password": null
}