{
  "id": "gen9championsvgc2026regma-2586630187",
  "format": "[Gen 9 Champions] VGC 2026 Reg M-A",
  "players": [
    "Bromac99",
    "Avatar Kony"
  ],
  "log": "|j|\u2606Bromac99\n|j|\u2606Avatar Kony\n|t:|1776448060\n|gametype|doubles\n|player|p1|Bromac99|2|1107\n|player|p2|Avatar Kony|sabrina-frlg|1110\n|gen|9\n|tier|[Gen 9 Champions] VGC 2026 Reg M-A\n|rated|\n|rule|Species Clause: Limit one of each Pok\u00e9mon\n|rule|Item Clause: Limit 1 of each item\n|clearpoke\n|poke|p1|Blastoise, L50, F|\n|poke|p1|Dragapult, L50, M|\n|poke|p1|Sneasler, L50, F|\n|poke|p1|Clefable, L50, M|\n|poke|p1|Talonflame, L50, M|\n|poke|p1|Meowscarada, L50, F|\n|poke|p2|Aerodactyl, L50, M|\n|poke|p2|Floette-Eternal, L50, F|\n|poke|p2|Incineroar, L50, F|\n|poke|p2|Sneasler, L50, M|\n|poke|p2|Basculegion, L50, M|\n|poke|p2|Garchomp, L50, M|\n|teampreview|4\n|inactive|Battle timer is ON: inactive players will automatically lose when time's up. (requested by Bromac99)\n|\n|t:|1776448120\n|teamsize|p1|4\n|teamsize|p2|4\n|start\n|switch|p1a: Blastoise|Blastoise, L50, F|100/100\n|switch|p1b: Talonflame|Talonflame, L50, M|100/100\n|switch|p2a: Aerodactyl|Aerodactyl, L50, M|100/100\n|switch|p2b: Garchomp|Garchomp, L50, M|100/100\n|-ability|p2a: Aerodactyl|Unnerve\n|turn|1\n|\n|t:|1776448144\n|detailschange|p1a: Blastoise|Blastoise-Mega, L50, F\n|-mega|p1a: Blastoise|Blastoise|Blastoisinite\n|move|p2a: Aerodactyl|Tailwind|p2a: Aerodactyl\n|-sidestart|p2: Avatar Kony|move: Tailwind\n|move|p2b: Garchomp|Rock Slide|p1a: Blastoise|[spread] p1a,p1b\n|-supereffective|p1b: Talonflame|2\n|-damage|p1a: Blastoise|83/100\n|-damage|p1b: Talonflame|0 fnt\n|faint|p1b: Talonflame\n|move|p1a: Blastoise|Water Spout|p2a: Aerodactyl|[spread] p2a,p2b\n|-supereffective|p2a: Aerodactyl|1\n|-enditem|p2a: Aerodactyl|Focus Sash\n|-damage|p2a: Aerodactyl|1/100\n|-damage|p2b: Garchomp|44/100\n|\n|upkeep\n|\n|t:|1776448162\n|switch|p1b: Dragapult|Dragapult, L50, M|100/100\n|turn|2\n|\n|t:|1776448180\n|move|p2a: Aerodactyl|Rock Slide|p1b: Dragapult|[spread] p1a\n|-miss|p2a: Aerodactyl|p1b: Dragapult\n|-damage|p1a: Blastoise|56/100\n|move|p2b: Garchomp|Dragon Claw|p1b: Dragapult\n|-supereffective|p1b: Dragapult|1\n|-damage|p1b: Dragapult|0 fnt\n|faint|p1b: Dragapult\n|move|p1a: Blastoise|Water Spout|p2b: Garchomp|[spread] p2a,p2b\n|-supereffective|p2a: Aerodactyl|1\n|-damage|p2a: Aerodactyl|0 fnt\n|-damage|p2b: Garchomp|3/100\n|faint|p2a: Aerodactyl\n|\n|upkeep\n|\n|t:|1776448193\n|switch|p1b: Sneasler|Sneasler, L50, F|100/100\n|switch|p2a: Floette|Floette-Eternal, L50, F|100/100\n|turn|3\n|\n|t:|1776448223\n|detailschange|p2a: Floette|Floette-Mega, L50, F\n|-mega|p2a: Floette|Floette|Floettite\n|-ability|p2a: Floette|Fairy Aura\n|move|p2a: Floette|Protect|p2a: Floette\n|-singleturn|p2a: Floette|Protect\n|move|p1b: Sneasler|Fake Out|p2a: Floette\n|-activate|p2a: Floette|move: Protect\n|move|p2b: Garchomp|Earthquake|p1b: Sneasler|[spread] p1a,p1b\n|-activate|p2a: Floette|move: Protect\n|-supereffective|p1b: Sneasler|1\n|-damage|p1a: Blastoise|18/100\n|-damage|p1b: Sneasler|0 fnt\n|faint|p1b: Sneasler\n|move|p1a: Blastoise|Water Spout|p2a: Floette|[spread] p2b\n|-activate|p2a: Floette|move: Protect\n|-damage|p2b: Garchomp|0 fnt\n|faint|p2b: Garchomp\n|\n|upkeep\n|-message|Bromac99 forfeited.\n|\n|win|Avatar Kony\n|raw|Bromac99's rating: 1107 &rarr; <strong>1082</strong><br />(-25 for losing)\n|raw|Avatar Kony's rating: 1110 &rarr; <strong>1135</strong><br />(+25 for winning)\n|l|\u2606Bromac99\n|player|p1|\n",
  "uploadtime": 1776448247,
  "views": 38,
  "formatid": "gen9championsvgc2026regma",
  "rating": 1082,
  "private": 0,
  "password": null
}