{
  "id": "gen9championsvgc2026regma-2585481997",
  "format": "[Gen 9 Champions] VGC 2026 Reg M-A",
  "players": [
    "zlatanlotbrock",
    "ronjansje"
  ],
  "log": "|j|\u2606zlatanlotbrock\n|j|\u2606ronjansje\n|t:|1776350451\n|gametype|doubles\n|player|p1|zlatanlotbrock|101|1337\n|player|p2|ronjansje|ninjaboy|1331\n|gen|9\n|tier|[Gen 9 Champions] VGC 2026 Reg M-A\n|rated|\n|rule|Species Clause: Limit one of each Pok\u00e9mon\n|rule|Item Clause: Limit 1 of each item\n|clearpoke\n|poke|p1|Blastoise, L50, M|\n|poke|p1|Farigiraf, L50, F|\n|poke|p1|Kingambit, L50, M|\n|poke|p1|Sinistcha, L50|\n|poke|p1|Torkoal, L50, M|\n|poke|p1|Sableye, L50, M|\n|poke|p2|Golurk, L50|\n|poke|p2|Farigiraf, L50, M|\n|poke|p2|Incineroar, L50, M|\n|poke|p2|Torkoal, L50, M|\n|poke|p2|Sneasler, L50, F|\n|poke|p2|Venusaur, L50, M|\n|teampreview|4\n|inactive|Battle timer is ON: inactive players will automatically lose when time's up. (requested by zlatanlotbrock)\n|inactive|ronjansje also wants the timer to be on.\nronjansje rejected open team sheets.\n|inactive|ronjansje has 60 seconds left.\n|\n|t:|1776350511\n|teamsize|p1|4\n|teamsize|p2|4\n|start\n|switch|p1a: Blastoise|Blastoise, L50, M|100/100\n|switch|p1b: Farigiraf|Farigiraf, L50, F|100/100\n|switch|p2a: Venusaur|Venusaur, L50, M, shiny|100/100\n|switch|p2b: Farigiraf|Farigiraf, L50, M, shiny|100/100\n|turn|1\n|inactive|zlatanlotbrock has 30 seconds left.\n|inactive|ronjansje has 30 seconds left.\n|\n|t:|1776350539\n|switch|p1a: Torkoal|Torkoal, L50, M|100/100\n|-weather|SunnyDay|[from] ability: Drought|[of] p1a: Torkoal\n|move|p2a: Venusaur|Sleep Powder|p1b: Farigiraf\n|-status|p1b: Farigiraf|slp|[from] move: Sleep Powder\n|move|p2b: Farigiraf|Psychic|p1a: Torkoal\n|-damage|p1a: Torkoal|54/100\n|cant|p1b: Farigiraf|slp\n|\n|-weather|SunnyDay|[upkeep]\n|upkeep\n|turn|2\n|\n|t:|1776350558\n|move|p1a: Torkoal|Protect|p1a: Torkoal\n|-singleturn|p1a: Torkoal|Protect\n|move|p2a: Venusaur|Sludge Bomb|p1b: Farigiraf\n|-damage|p1b: Farigiraf|60/100 slp\n|move|p2b: Farigiraf|Hyper Voice|p1b: Farigiraf|[spread] p1b\n|-activate|p1a: Torkoal|move: Protect\n|-damage|p1b: Farigiraf|32/100 slp\n|-enditem|p1b: Farigiraf|Sitrus Berry|[eat]\n|-heal|p1b: Farigiraf|57/100 slp|[from] item: Sitrus Berry\n|cant|p1b: Farigiraf|slp\n|\n|-weather|SunnyDay|[upkeep]\n|upkeep\n|turn|3\n|\n|t:|1776350568\n|move|p2a: Venusaur|Sludge Bomb|p1a: Torkoal\n|-damage|p1a: Torkoal|0 fnt\n|faint|p1a: Torkoal\n|move|p2b: Farigiraf|Hyper Voice|p1b: Farigiraf\n|-damage|p1b: Farigiraf|22/100 slp\n|-curestatus|p1b: Farigiraf|slp|[msg]\n|move|p1b: Farigiraf|Trick Room|p1b: Farigiraf\n|-fieldstart|move: Trick Room|[of] p1b: Farigiraf\n|\n|-weather|SunnyDay|[upkeep]\n|upkeep\n|\n|t:|1776350574\n|switch|p1a: Blastoise|Blastoise, L50, M|100/100\n|turn|4\n|\n|t:|1776350594\n|detailschange|p1a: Blastoise|Blastoise-Mega, L50, M\n|-mega|p1a: Blastoise|Blastoise|Blastoisinite\n|move|p2a: Venusaur|Protect|p2a: Venusaur\n|-singleturn|p2a: Venusaur|Protect\n|move|p2b: Farigiraf|Hyper Voice|p1a: Blastoise|[spread] p1a,p1b\n|-damage|p1a: Blastoise|78/100\n|-damage|p1b: Farigiraf|0 fnt\n|faint|p1b: Farigiraf\n|move|p1a: Blastoise|Water Spout|p2b: Farigiraf|[spread] p2b\n|-activate|p2a: Venusaur|move: Protect\n|-damage|p2b: Farigiraf|79/100\n|\n|-weather|SunnyDay|[upkeep]\n|upkeep\n|-message|zlatanlotbrock forfeited.\n|\n|win|ronjansje\n|raw|zlatanlotbrock's rating: 1337 &rarr; <strong>1317</strong><br />(-20 for losing)\n|raw|ronjansje's rating: 1331 &rarr; <strong>1351</strong><br />(+20 for winning)\n|l|\u2606zlatanlotbrock\n|player|p1|\n",
  "uploadtime": 1776350614,
  "views": 43,
  "formatid": "gen9championsvgc2026regma",
  "rating": 1317,
  "private": 0,
  "password": null
}