{
  "id": "gen9championsvgc2026regma-2581793274",
  "format": "[Gen 9 Champions] VGC 2026 Reg M-A",
  "players": [
    "memesrule",
    "Jah_08"
  ],
  "log": "|j|\u2606memesrule\n|j|\u2606Jah_08\n|t:|1776028858\n|gametype|doubles\n|player|p1|memesrule|102|1185\n|player|p2|Jah_08|alder|1277\n|gen|9\n|tier|[Gen 9 Champions] VGC 2026 Reg M-A\n|rated|\n|rule|Species Clause: Limit one of each Pok\u00e9mon\n|rule|Item Clause: Limit 1 of each item\n|clearpoke\n|poke|p1|Drampa, L50, F|\n|poke|p1|Alakazam, L50, F|\n|poke|p1|Sinistcha, L50|\n|poke|p1|Incineroar, L50, F|\n|poke|p1|Scizor, L50, M|\n|poke|p1|Pelipper, L50, F|\n|poke|p2|Vanilluxe, L50, F|\n|poke|p2|Basculegion, L50, M|\n|poke|p2|Chandelure, L50, M|\n|poke|p2|Conkeldurr, L50, M|\n|poke|p2|Zoroark-Hisui, L50, F|\n|poke|p2|Whimsicott, L50, F|\n|teampreview|4\n|\n|t:|1776028915\n|teamsize|p1|4\n|teamsize|p2|4\n|start\n|switch|p1a: Drampa|Drampa, L50, F|100/100\n|switch|p1b: Alakazam|Alakazam, L50, F|100/100\n|switch|p2a: Chandelure|Chandelure, L50, M, shiny|100/100\n|switch|p2b: Basculegion|Basculegion, L50, M|100/100\n|-ability|p1a: Drampa|Cloud Nine\n|turn|1\n|\n|t:|1776028944\n|detailschange|p1a: Drampa|Drampa-Mega, L50, F\n|-mega|p1a: Drampa|Drampa|Drampanite\n|move|p2b: Basculegion|Flip Turn|p1b: Alakazam\n|-damage|p1b: Alakazam|44/100\n|\n|t:|1776028950\n|switch|p2b: Vanilluxe|Vanilluxe, L50, F, shiny|100/100|[from] Flip Turn\n|-weather|Snowscape|[from] ability: Snow Warning|[of] p2b: Vanilluxe\n|move|p1b: Alakazam|Light Screen|p1b: Alakazam\n|-sidestart|p1: memesrule|move: Light Screen\n|move|p2a: Chandelure|Icy Wind|p1a: Drampa|[spread] p1b\n|-miss|p2a: Chandelure|p1a: Drampa\n|-damage|p1b: Alakazam|33/100\n|-unboost|p1b: Alakazam|spe|1\n|move|p1a: Drampa|Hyper Voice|p2a: Chandelure|[spread] p2b\n|-immune|p2a: Chandelure\n|-damage|p2b: Vanilluxe|63/100\n|\n|-weather|Snowscape|[upkeep]\n|upkeep\n|turn|2\n|\n|t:|1776028979\n|switch|p1b: Incineroar|Incineroar, L50, F|100/100\n|-ability|p1b: Incineroar|Intimidate|boost\n|-unboost|p2a: Chandelure|atk|1\n|-unboost|p2b: Vanilluxe|atk|1\n|move|p1a: Drampa|Protect|p1a: Drampa\n|-singleturn|p1a: Drampa|Protect\n|move|p2a: Chandelure|Bitter Malice|p1b: Incineroar\n|-resisted|p1b: Incineroar|1\n|-crit|p1b: Incineroar\n|-damage|p1b: Incineroar|77/100\n|-unboost|p1b: Incineroar|atk|1\n|move|p2b: Vanilluxe|Blizzard|p1a: Drampa|[spread] p1b\n|-activate|p1a: Drampa|move: Protect\n|-resisted|p1b: Incineroar|1\n|-damage|p1b: Incineroar|66/100\n|-status|p1b: Incineroar|frz\n|\n|-weather|Snowscape|[upkeep]\n|upkeep\n|turn|3\n|\n|t:|1776029014\n|switch|p1b: Sinistcha|Sinistcha, L50|100/100\n|move|p2a: Chandelure|Icy Wind|p1a: Drampa|[spread] p1a,p1b\n|-supereffective|p1a: Drampa|1\n|-supereffective|p1b: Sinistcha|1\n|-damage|p1a: Drampa|83/100\n|-damage|p1b: Sinistcha|80/100\n|-unboost|p1a: Drampa|spe|1\n|-unboost|p1b: Sinistcha|spe|1\n|move|p2b: Vanilluxe|Blizzard|p1b: Sinistcha|[spread] p1a,p1b\n|-supereffective|p1a: Drampa|1\n|-supereffective|p1b: Sinistcha|1\n|-damage|p1a: Drampa|40/100\n|-damage|p1b: Sinistcha|26/100\n|-enditem|p1b: Sinistcha|Sitrus Berry|[eat]\n|-heal|p1b: Sinistcha|51/100|[from] item: Sitrus Berry\n|-ability|p1a: Drampa|Berserk|boost\n|-boost|p1a: Drampa|spa|1\n|move|p1a: Drampa|Earth Power|p2a: Chandelure\n|-enditem|p2a: Chandelure|Focus Sash\n|-damage|p2a: Chandelure|1/100\n|replace|p2a: Zoroark|Zoroark-Hisui, L50, F\n|-end|p2a: Zoroark|Illusion\n|\n|-weather|Snowscape|[upkeep]\n|upkeep\n|turn|4\n|-message|memesrule forfeited.\n|\n|win|Jah_08\n|raw|memesrule's rating: 1185 &rarr; <strong>1166</strong><br />(-19 for losing)\n|raw|Jah_08's rating: 1277 &rarr; <strong>1296</strong><br />(+19 for winning)\n|l|\u2606memesrule\n|player|p1|\n",
  "uploadtime": 1776029047,
  "views": 21,
  "formatid": "gen9championsvgc2026regma",
  "rating": 1166,
  "private": 0,
  "password": null
}