{
  "id": "gen9championsvgc2026regma-2580901827",
  "format": "[Gen 9 Champions] VGC 2026 Reg M-A",
  "players": [
    "zizoudz",
    "guedesbrawl"
  ],
  "log": "|j|\u2606zizoudz\n|j|\u2606guedesbrawl\n|t:|1775941849\n|gametype|doubles\n|player|p1|zizoudz|zinnia|1101\n|player|p2|guedesbrawl|169|1100\n|gen|9\n|tier|[Gen 9 Champions] VGC 2026 Reg M-A\n|rated|\n|rule|Species Clause: Limit one of each Pok\u00e9mon\n|rule|Item Clause: Limit 1 of each item\n|clearpoke\n|poke|p1|Excadrill, L50, M|\n|poke|p1|Tyranitar, L50, M|\n|poke|p1|Garchomp, L50, F|\n|poke|p1|Corviknight, L50, F|\n|poke|p1|Gyarados, L50, F|\n|poke|p1|Sinistcha, L50|\n|poke|p2|Maushold-Four, L50|\n|poke|p2|Incineroar, L50, F|\n|poke|p2|Pelipper, L50, M|\n|poke|p2|Archaludon, L50, M|\n|poke|p2|Basculegion, L50, M|\n|poke|p2|Meganium, L50, M|\n|teampreview|4\n|inactive|Battle timer is ON: inactive players will automatically lose when time's up. (requested by zizoudz)\n|\n|t:|1775941874\n|teamsize|p1|4\n|teamsize|p2|4\n|start\n|switch|p1a: Tyranitar|Tyranitar, L50, M|100/100\n|switch|p1b: Excadrill|Excadrill, L50, M|100/100\n|switch|p2a: Incineroar|Incineroar, L50, F|100/100\n|switch|p2b: Meganium|Meganium, L50, M|100/100\n|-weather|Sandstorm|[from] ability: Sand Stream|[of] p1a: Tyranitar\n|-ability|p2a: Incineroar|Intimidate|boost\n|-unboost|p1a: Tyranitar|atk|1\n|-unboost|p1b: Excadrill|atk|1\n|turn|1\n|inactive|guedesbrawl has 30 seconds left.\n|\n|t:|1775941907\n|switch|p1b: Sinistcha|Sinistcha, L50|100/100\n|switch|p2b: Basculegion|Basculegion, L50, M|100/100\n|move|p2a: Incineroar|Fake Out|p1b: Sinistcha\n|-immune|p1b: Sinistcha\n|move|p1a: Tyranitar|Dragon Dance|p1a: Tyranitar\n|-boost|p1a: Tyranitar|atk|1\n|-boost|p1a: Tyranitar|spe|1\n|\n|-weather|Sandstorm|[upkeep]\n|-damage|p2b: Basculegion|94/100|[from] Sandstorm\n|-damage|p1b: Sinistcha|94/100|[from] Sandstorm\n|-damage|p2a: Incineroar|94/100|[from] Sandstorm\n|-heal|p2a: Incineroar|100/100|[from] item: Leftovers\n|upkeep\n|turn|2\n|inactive|guedesbrawl has 30 seconds left.\n|\n|t:|1775941934\n|switch|p2b: Meganium|Meganium, L50, M|100/100\n|move|p1a: Tyranitar|Rock Slide|p2b: Meganium|[spread] p2a,p2b\n|-supereffective|p2a: Incineroar|1\n|-damage|p2a: Incineroar|47/100\n|-damage|p2b: Meganium|70/100\n|move|p1b: Sinistcha|Matcha Gotcha|p2a: Incineroar|[spread] p2a\n|-miss|p1b: Sinistcha|p2b: Meganium\n|-resisted|p2a: Incineroar|1\n|-damage|p2a: Incineroar|38/100\n|-heal|p1b: Sinistcha|99/100|[from] drain|[of] p2a: Incineroar\n|cant|p2a: Incineroar|flinch\n|\n|-weather|Sandstorm|[upkeep]\n|-damage|p2b: Meganium|64/100|[from] Sandstorm\n|-damage|p1b: Sinistcha|93/100|[from] Sandstorm\n|-damage|p2a: Incineroar|32/100|[from] Sandstorm\n|-heal|p2a: Incineroar|38/100|[from] item: Leftovers\n|upkeep\n|turn|3\n|inactive|zizoudz has 30 seconds left.\n|inactive|guedesbrawl has 30 seconds left.\n|inactive|guedesbrawl has 20 seconds left.\n|\n|t:|1775941972\n|detailschange|p2b: Meganium|Meganium-Mega, L50, M\n|-mega|p2b: Meganium|Meganium|Meganiumite\n|move|p2a: Incineroar|Helping Hand|p2b: Meganium\n|-singleturn|p2b: Meganium|Helping Hand|[of] p2a: Incineroar\n|move|p1b: Sinistcha|Rage Powder|p1b: Sinistcha\n|-singleturn|p1b: Sinistcha|move: Rage Powder\n|move|p1a: Tyranitar|Rock Slide|p2a: Incineroar|[spread] p2a,p2b\n|-supereffective|p2a: Incineroar|1\n|-damage|p2a: Incineroar|0 fnt\n|-damage|p2b: Meganium|33/100\n|faint|p2a: Incineroar\n|cant|p2b: Meganium|flinch\n|\n|-weather|Sandstorm|[upkeep]\n|-damage|p2b: Meganium|28/100|[from] Sandstorm\n|-damage|p1b: Sinistcha|87/100|[from] Sandstorm\n|upkeep\n|\n|t:|1775941985\n|switch|p2a: Pelipper|Pelipper, L50, M|100/100\n|-weather|RainDance|[from] ability: Drizzle|[of] p2a: Pelipper\n|turn|4\n|\n|t:|1775941995\n|detailschange|p1a: Tyranitar|Tyranitar-Mega, L50, M\n|-mega|p1a: Tyranitar|Tyranitar|Tyranitarite\n|-weather|Sandstorm|[from] ability: Sand Stream|[of] p1a: Tyranitar\n|move|p1b: Sinistcha|Rage Powder|p1b: Sinistcha\n|-singleturn|p1b: Sinistcha|move: Rage Powder\n|move|p1a: Tyranitar|Rock Slide|p2a: Pelipper|[spread] p2a,p2b\n|-supereffective|p2a: Pelipper|1\n|-damage|p2a: Pelipper|19/100\n|-damage|p2b: Meganium|0 fnt\n|-enditem|p2a: Pelipper|Sitrus Berry|[eat]\n|-heal|p2a: Pelipper|43/100|[from] item: Sitrus Berry\n|faint|p2b: Meganium\n|move|p2a: Pelipper|Tailwind|p2a: Pelipper\n|-sidestart|p2: guedesbrawl|move: Tailwind\n|\n|-weather|Sandstorm|[upkeep]\n|-damage|p2a: Pelipper|38/100|[from] Sandstorm\n|-damage|p1b: Sinistcha|81/100|[from] Sandstorm\n|upkeep\n|-message|guedesbrawl forfeited.\n|\n|win|zizoudz\n|raw|zizoudz's rating: 1101 &rarr; <strong>1126</strong><br />(+25 for winning)\n|raw|guedesbrawl's rating: 1100 &rarr; <strong>1075</strong><br />(-25 for losing)\n|l|\u2606guedesbrawl\n|player|p2|\n",
  "uploadtime": 1775942018,
  "views": 21,
  "formatid": "gen9championsvgc2026regma",
  "rating": 1075,
  "private": 0,
  "password": null
}