{
  "id": "gen9championsvgc2026regma-2588262473",
  "format": "[Gen 9 Champions] VGC 2026 Reg M-A",
  "players": [
    "tekkenhanma",
    "Kondroid"
  ],
  "log": "|j|\u2606tekkenhanma\n|j|\u2606Kondroid\n|t:|1776619082\n|gametype|doubles\n|player|p1|tekkenhanma|shadowtriad|1132\n|player|p2|Kondroid|hilbert-wonderlauncher|1139\n|gen|9\n|tier|[Gen 9 Champions] VGC 2026 Reg M-A\n|rated|\n|rule|Species Clause: Limit one of each Pok\u00e9mon\n|rule|Item Clause: Limit 1 of each item\n|clearpoke\n|poke|p1|Cofagrigus, L50, F, shiny|\n|poke|p1|Typhlosion-Hisui, L50, F, shiny|\n|poke|p1|Whimsicott, L50, M, shiny|\n|poke|p1|Sneasler, L50, F, shiny|\n|poke|p1|Rotom-Wash, L50, shiny|\n|poke|p1|Garchomp, L50, M|\n|poke|p2|Glimmora, L50, F, shiny|\n|poke|p2|Aerodactyl, L50, M, shiny|\n|poke|p2|Hydreigon, L50, M, shiny|\n|poke|p2|Tinkaton, L50, F, shiny|\n|poke|p2|Orthworm, L50, M, shiny|\n|poke|p2|Farigiraf, L50, F, shiny|\n|teampreview|4\n|inactive|Battle timer is ON: inactive players will automatically lose when time's up. (requested by Kondroid)\n|inactive|tekkenhanma also wants the timer to be on.\n|inactive|tekkenhanma has 60 seconds left.\n|inactive|Kondroid has 60 seconds left.\n|\n|t:|1776619137\n|teamsize|p1|4\n|teamsize|p2|4\n|start\n|switch|p1a: Cofagrigus|Cofagrigus, L50, F, shiny|100/100\n|switch|p1b: Sneasler|Sneasler, L50, F, shiny|100/100\n|switch|p2a: Aerodactyl|Aerodactyl, L50, M, shiny|100/100\n|switch|p2b: Farigiraf|Farigiraf, L50, F, shiny|100/100\n|-ability|p2a: Aerodactyl|Unnerve\n|turn|1\n|inactive|tekkenhanma has 30 seconds left.\n|inactive|Kondroid has 30 seconds left.\n|\n|t:|1776619172\n|switch|p2b: Glimmora|Glimmora, L50, F, shiny|100/100\n|move|p1b: Sneasler|Fake Out|p2a: Aerodactyl\n|-resisted|p2a: Aerodactyl|1\n|-damage|p2a: Aerodactyl|89/100\n|cant|p2a: Aerodactyl|flinch\n|move|p1a: Cofagrigus|Trick Room|p1a: Cofagrigus\n|-fieldstart|move: Trick Room|[of] p1a: Cofagrigus\n|\n|upkeep\n|turn|2\n|c|\u2606Kondroid|bruh\n|\n|t:|1776619196\n|move|p2b: Glimmora|Spiky Shield|p2b: Glimmora\n|-singleturn|p2b: Glimmora|move: Protect\n|move|p1a: Cofagrigus|Body Press|p2b: Glimmora\n|-activate|p2b: Glimmora|move: Protect\n|-damage|p1a: Cofagrigus|88/100|[from] Spiky Shield|[of] p2b: Glimmora\n|move|p2a: Aerodactyl|Dual Wingbeat|p1b: Sneasler\n|-supereffective|p1b: Sneasler|1\n|-damage|p1b: Sneasler|39/100\n|-supereffective|p1b: Sneasler|1\n|-damage|p1b: Sneasler|0 fnt\n|faint|p1b: Sneasler\n|-hitcount|p1: Sneasler|2\n|\n|upkeep\n|c|\u2606tekkenhanma|Im confused\n|inactive|tekkenhanma has 30 seconds left.\n|inactive|tekkenhanma has 20 seconds left.\n|c|\u2606tekkenhanma|My sneasler is slower then your aero\n|inactive|tekkenhanma has 15 seconds left.\n|c|\u2606tekkenhanma|Why did it go first?\n|inactive|tekkenhanma has 10 seconds left.\n|\n|t:|1776619241\n|switch|p1b: Garchomp|Garchomp, L50, M|100/100\n|turn|3\n|c|\u2606Kondroid|why fake out\n|\n|t:|1776619266\n|switch|p2b: Hydreigon|Hydreigon, L50, M, shiny|100/100\n|detailschange|p1b: Garchomp|Garchomp-Mega, L50, M\n|-mega|p1b: Garchomp|Garchomp|Garchompite\n|move|p1a: Cofagrigus|Body Press|p2b: Hydreigon\n|-supereffective|p2b: Hydreigon|1\n|-damage|p2b: Hydreigon|18/100\n|move|p1b: Garchomp|Rock Slide|p2a: Aerodactyl|[spread] p2a,p2b\n|-supereffective|p2a: Aerodactyl|1\n|-damage|p2a: Aerodactyl|9/100\n|-damage|p2b: Hydreigon|0 fnt\n|faint|p2b: Hydreigon\n|move|p2a: Aerodactyl|Rock Slide|p1a: Cofagrigus|[spread] p1a,p1b\n|-resisted|p1b: Garchomp|1\n|-damage|p1a: Cofagrigus|66/100\n|-damage|p1b: Garchomp|88/100\n|\n|upkeep\n|c|\u2606tekkenhanma|I was scared of the tail wind\n|\n|t:|1776619284\n|switch|p2b: Farigiraf|Farigiraf, L50, F, shiny|100/100\n|turn|4\n|\n|t:|1776619309\n|move|p2b: Farigiraf|Protect|p2b: Farigiraf\n|-singleturn|p2b: Farigiraf|Protect\n|move|p1a: Cofagrigus|Body Press|p2b: Farigiraf\n|-activate|p2b: Farigiraf|move: Protect\n|move|p1b: Garchomp|Rock Slide|p2b: Farigiraf|[spread] \n|-activate|p2b: Farigiraf|move: Protect\n|-miss|p1b: Garchomp|p2a: Aerodactyl\n|move|p2a: Aerodactyl|Dual Wingbeat|p1b: Garchomp\n|-damage|p1b: Garchomp|72/100\n|-damage|p1b: Garchomp|54/100\n|-hitcount|p1b: Garchomp|2\n|\n|upkeep\n|turn|5\n|c|\u2606tekkenhanma|Of course it missed gg\n|c|\u2606Kondroid|but i had armor tail, risky play\n|inactive|tekkenhanma has 30 seconds left.\n|inactive|Kondroid has 30 seconds left.\n|inactive|Kondroid has 20 seconds left.\n|inactive|Kondroid has 15 seconds left.\n|\n|t:|1776619351\n|move|p1a: Cofagrigus|Body Press|p2b: Farigiraf\n|-damage|p2b: Farigiraf|74/100\n|move|p2b: Farigiraf|Imprison|p2b: Farigiraf\n|-start|p2b: Farigiraf|move: Imprison\n|move|p1b: Garchomp|Rock Slide|p2a: Aerodactyl|[spread] p2b\n|-miss|p1b: Garchomp|p2a: Aerodactyl\n|-damage|p2b: Farigiraf|54/100\n|move|p2a: Aerodactyl|Tailwind|p2a: Aerodactyl\n|-sidestart|p2: Kondroid|move: Tailwind\n|\n|-fieldend|move: Trick Room\n|upkeep\n|turn|6\n|c|\u2606tekkenhanma|I knew you'd switch to glim\n|c|\u2606tekkenhanma|Had the strongest feeling\n|inactive|tekkenhanma has 30 seconds left.\n|c|\u2606Kondroid|wp on that call\n|inactive|tekkenhanma has 20 seconds left.\n|c|\u2606tekkenhanma|Plus my coffee is faster in trick room\n|-message|tekkenhanma forfeited.\n|\n|win|Kondroid\n|raw|tekkenhanma's rating: 1132 &rarr; <strong>1108</strong><br />(-24 for losing)\n|raw|Kondroid's rating: 1139 &rarr; <strong>1163</strong><br />(+24 for winning)\n|l|\u2606tekkenhanma\n|player|p1|\n|c|\u2606Kondroid|ggs\n",
  "uploadtime": 1776619401,
  "views": 10,
  "formatid": "gen9championsvgc2026regma",
  "rating": 1108,
  "private": 0,
  "password": null
}