{
  "id": "gen9championsvgc2026regma-2580763429",
  "format": "[Gen 9 Champions] VGC 2026 Reg M-A",
  "players": [
    "mmanu_rodrigues",
    "smthcreative2.0"
  ],
  "log": "|j|\u2606mmanu_rodrigues\n|j|\u2606smthcreative2.0\n|t:|1775930514\n|gametype|doubles\n|player|p1|mmanu_rodrigues|dawn|1044\n|player|p2|smthcreative2.0|policeman-gen4|1000\n|gen|9\n|tier|[Gen 9 Champions] VGC 2026 Reg M-A\n|rated|\n|rule|Species Clause: Limit one of each Pok\u00e9mon\n|rule|Item Clause: Limit 1 of each item\n|clearpoke\n|poke|p1|Incineroar, L50, M|\n|poke|p1|Farigiraf, L50, F|\n|poke|p1|Golurk, L50|\n|poke|p1|Sneasler, L50, M|\n|poke|p1|Torkoal, L50, F|\n|poke|p1|Venusaur, L50, F|\n|poke|p2|Liepard, L50, F|\n|poke|p2|Beedrill, L50, M|\n|poke|p2|Clefable, L50, F|\n|poke|p2|Dragapult, L50, F|\n|poke|p2|Sneasler, L50, F|\n|poke|p2|Orthworm, L50, F|\n|teampreview|4\n|inactive|Battle timer is ON: inactive players will automatically lose when time's up. (requested by mmanu_rodrigues)\n|inactive|smthcreative2.0 also wants the timer to be on.\n|inactive|smthcreative2.0 has 60 seconds left.\n|\n|t:|1775930567\n|teamsize|p1|4\n|teamsize|p2|4\n|start\n|switch|p1a: Farigiraf|Farigiraf, L50, F|100/100\n|switch|p1b: Torkoal|Torkoal, L50, F|100/100\n|switch|p2a: Sneasler|Sneasler, L50, F|100/100\n|switch|p2b: Clefable|Clefable, L50, F|100/100\n|-weather|SunnyDay|[from] ability: Drought|[of] p1b: Torkoal\n|turn|1\n|\n|t:|1775930585\n|move|p2b: Clefable|Helping Hand|p2a: Sneasler\n|-singleturn|p2a: Sneasler|Helping Hand|[of] p2b: Clefable\n|move|p2a: Sneasler|Fling|p1a: Farigiraf\n|-supereffective|p1a: Farigiraf|1\n|-damage|p1a: Farigiraf|63/100\n|-enditem|p2a: Sneasler|King's Rock|[from] move: Fling\n|move|p1b: Torkoal|Eruption|p2b: Clefable|[spread] p2a,p2b\n|-damage|p2a: Sneasler|0 fnt\n|-damage|p2b: Clefable|36/100\n|faint|p2a: Sneasler\n|cant|p1a: Farigiraf|flinch\n|\n|-weather|SunnyDay|[upkeep]\n|-heal|p2b: Clefable|42/100|[from] item: Leftovers\n|upkeep\n|\n|t:|1775930595\n|switch|p2a: Liepard|Liepard, L50, F|100/100\n|turn|2\n|\n|t:|1775930604\n|move|p2a: Liepard|Fake Out||[still]\n|cant|p1a: Farigiraf|ability: Armor Tail|Fake Out|[of] p2a: Liepard\n|move|p2b: Clefable|Moonblast|p1b: Torkoal\n|-resisted|p1b: Torkoal|1\n|-damage|p1b: Torkoal|79/100\n|move|p1b: Torkoal|Eruption|p2a: Liepard|[spread] p2a,p2b\n|-enditem|p2a: Liepard|Focus Sash\n|-damage|p2a: Liepard|1/100\n|-damage|p2b: Clefable|0 fnt\n|faint|p2b: Clefable\n|move|p1a: Farigiraf|Trick Room|p1a: Farigiraf\n|-fieldstart|move: Trick Room|[of] p1a: Farigiraf\n|\n|-weather|SunnyDay|[upkeep]\n|upkeep\n|\n|t:|1775930614\n|switch|p2b: Beedrill|Beedrill, L50, M|100/100\n|turn|3\n|-message|smthcreative2.0 forfeited.\n|\n|win|mmanu_rodrigues\n|raw|mmanu_rodrigues's rating: 1044 &rarr; <strong>1073</strong><br />(+29 for winning)\n|raw|smthcreative2.0's rating: 1000 &rarr; <strong>1000</strong><br />(+0 for losing)\n",
  "uploadtime": 1775930624,
  "views": 12,
  "formatid": "gen9championsvgc2026regma",
  "rating": 1000,
  "private": 0,
  "password": null
}