{
  "id": "gen9championsvgc2026regma-2582222363",
  "format": "[Gen 9 Champions] VGC 2026 Reg M-A",
  "players": [
    "Zezocaaaaaaaa",
    "Guiding Quem"
  ],
  "log": "|j|\u2606Zezocaaaaaaaa\n|j|\u2606Guiding Quem\n|t:|1776073054\n|gametype|doubles\n|player|p1|Zezocaaaaaaaa|buck|1155\n|player|p2|Guiding Quem|cynthia-masters4|1191\n|gen|9\n|tier|[Gen 9 Champions] VGC 2026 Reg M-A\n|rated|\n|rule|Species Clause: Limit one of each Pok\u00e9mon\n|rule|Item Clause: Limit 1 of each item\n|clearpoke\n|poke|p1|Golurk, L50|\n|poke|p1|Kingambit, L50, M|\n|poke|p1|Sinistcha-Masterpiece, L50|\n|poke|p1|Excadrill, L50, F|\n|poke|p1|Tyranitar, L50, M|\n|poke|p1|Incineroar, L50, F|\n|poke|p2|Floette-Eternal, L50, F|\n|poke|p2|Maushold, L50|\n|poke|p2|Garchomp, L50, M|\n|poke|p2|Talonflame, L50, F|\n|poke|p2|Rotom-Wash, L50|\n|poke|p2|Aegislash, L50, M|\n|teampreview|4\nZezocaaaaaaaa rejected open team sheets.\n|inactive|Battle timer is ON: inactive players will automatically lose when time's up. (requested by Zezocaaaaaaaa)\n|\n|t:|1776073091\n|teamsize|p1|4\n|teamsize|p2|4\n|start\n|switch|p1a: Tyranitar|Tyranitar, L50, M|100/100\n|switch|p1b: Excadrill|Excadrill, L50, F|100/100\n|switch|p2a: Garchomp|Garchomp, L50, M|100/100\n|switch|p2b: Rotom|Rotom-Wash, L50|100/100\n|-weather|Sandstorm|[from] ability: Sand Stream|[of] p1a: Tyranitar\n|turn|1\n|\n|t:|1776073105\n|move|p2b: Rotom|Helping Hand|p2a: Garchomp\n|-singleturn|p2a: Garchomp|Helping Hand|[of] p2b: Rotom\n|move|p1b: Excadrill|Rock Slide|p2b: Rotom|[spread] p2a,p2b\n|-resisted|p2a: Garchomp|1\n|-damage|p2a: Garchomp|89/100\n|-damage|p2b: Rotom|77/100\n|cant|p2a: Garchomp|flinch\n|move|p1a: Tyranitar|Rock Slide|p2b: Rotom|[spread] p2a,p2b\n|-resisted|p2a: Garchomp|1\n|-damage|p2a: Garchomp|72/100\n|-damage|p2b: Rotom|42/100\n|-enditem|p2b: Rotom|Sitrus Berry|[eat]\n|-heal|p2b: Rotom|67/100|[from] item: Sitrus Berry\n|\n|-weather|Sandstorm|[upkeep]\n|-damage|p2b: Rotom|61/100|[from] Sandstorm\n|upkeep\n|turn|2\n|c|\u2606Guiding Quem|dude\n|n|!Guiding Quem|guidingquem\n|inactive|Zezocaaaaaaaa has 30 seconds left.\n|\n|t:|1776073130\n|switch|p1a: Sinistcha|Sinistcha-Masterpiece, L50|100/100\n|move|p2b: Rotom|Helping Hand|p2a: Garchomp\n|-singleturn|p2a: Garchomp|Helping Hand|[of] p2b: Rotom\n|move|p1b: Excadrill|Protect|p1b: Excadrill\n|-singleturn|p1b: Excadrill|Protect\n|move|p2a: Garchomp|Earthquake|p1a: Sinistcha|[spread] p1a\n|-activate|p1b: Excadrill|move: Protect\n|-immune|p2b: Rotom|[from] ability: Levitate\n|-resisted|p1a: Sinistcha|1\n|-damage|p1a: Sinistcha|67/100\n|\n|-weather|Sandstorm|[upkeep]\n|-damage|p2b: Rotom|55/100|[from] Sandstorm\n|-damage|p1a: Sinistcha|61/100|[from] Sandstorm\n|-heal|p1a: Sinistcha|67/100|[from] item: Leftovers\n|upkeep\n|turn|3\n|\n|t:|1776073145\n|move|p2b: Rotom|Helping Hand|p2a: Garchomp\n|-singleturn|p2a: Garchomp|Helping Hand|[of] p2b: Rotom\n|move|p1b: Excadrill|Rock Slide|p2a: Garchomp|[spread] p2a,p2b\n|-resisted|p2a: Garchomp|1\n|-damage|p2a: Garchomp|61/100\n|-damage|p2b: Rotom|32/100\n|cant|p2a: Garchomp|flinch\n|move|p1a: Sinistcha|Matcha Gotcha|p2a: Garchomp|[spread] p2a,p2b\n|-supereffective|p2b: Rotom|1\n|-damage|p2a: Garchomp|36/100\n|-heal|p1a: Sinistcha|81/100|[from] drain|[of] p2a: Garchomp\n|-damage|p2b: Rotom|0 fnt\n|-heal|p1a: Sinistcha|96/100|[from] drain|[of] p2b: Rotom\n|faint|p2b: Rotom\n|\n|-weather|Sandstorm|[upkeep]\n|-damage|p1a: Sinistcha|90/100|[from] Sandstorm\n|-heal|p1a: Sinistcha|96/100|[from] item: Leftovers\n|upkeep\n|\n|t:|1776073154\n|switch|p2b: Floette|Floette-Eternal, L50, F|100/100\n|turn|4\n|-message|Guiding Quem forfeited.\n|\n|win|Zezocaaaaaaaa\n",
  "uploadtime": 1776073114,
  "views": 14,
  "formatid": "gen9championsvgc2026regma",
  "rating": null,
  "private": 0,
  "password": null
}