{
  "id": "gen9championsvgc2026regma-2581007684",
  "format": "[Gen 9 Champions] VGC 2026 Reg M-A",
  "players": [
    "GuitaHebbyFantaisa",
    "thenewwind1224"
  ],
  "log": "|j|\u2606GuitaHebbyFantaisa\n|j|\u203dthenewwind1224\n|t:|1775951178\n|gametype|doubles\n|player|p1|GuitaHebbyFantaisa|roxie|1175\n|player|p2|thenewwind1224|266|1166\n|gen|9\n|tier|[Gen 9 Champions] VGC 2026 Reg M-A\n|rated|\n|rule|Species Clause: Limit one of each Pok\u00e9mon\n|rule|Item Clause: Limit 1 of each item\n|clearpoke\n|poke|p1|Incineroar, L50, M|\n|poke|p1|Aerodactyl, L50, F|\n|poke|p1|Floette-Eternal, L50, F|\n|poke|p1|Sylveon, L50, M|\n|poke|p1|Whimsicott, L50, F|\n|poke|p1|Dragapult, L50, F|\n|poke|p2|Mimikyu, L50, F|\n|poke|p2|Drampa, L50, F|\n|poke|p2|Golurk, L50|\n|poke|p2|Farigiraf, L50, M|\n|poke|p2|Sneasler, L50, M|\n|poke|p2|Gyarados, L50, F|\n|teampreview|4\n|inactive|Battle timer is ON: inactive players will automatically lose when time's up. (requested by GuitaHebbyFantaisa)\nGuitaHebbyFantaisa rejected open team sheets.\n|inactive|thenewwind1224 has 60 seconds left.\n|l|\u203dthenewwind1224\n|inactive|thenewwind1224 disconnected and has a minute to reconnect!\n|player|p2|\n|inactive|thenewwind1224 has 30 seconds left.\n|inactive|thenewwind1224 has 20 seconds left.\n|inactive|thenewwind1224 has 15 seconds left.\n|inactive|thenewwind1224 has 10 seconds left.\n|j|\u203dthenewwind1224\n|inactive|thenewwind1224 reconnected and has 10 seconds left.\n|player|p2|thenewwind1224|266|\n|n|\u203dthenewwind1224|thenewwind1224\n|n|\u203dthenewwind1224|thenewwind1224\n|inactive|thenewwind1224 has 5 seconds left.\n|c|\u2606GuitaHebbyFantaisa|son\n|\n|t:|1775951268\n|teamsize|p1|4\n|teamsize|p2|4\n|start\n|switch|p1a: Incineroar|Incineroar, L50, M|100/100\n|switch|p1b: Dragapult|Dragapult, L50, F|100/100\n|switch|p2a: Mimikyu|Mimikyu, L50, F|100/100\n|switch|p2b: Drampa|Drampa, L50, F|100/100\n|-ability|p1a: Incineroar|Intimidate|boost\n|-unboost|p2a: Mimikyu|atk|1\n|-unboost|p2b: Drampa|atk|1\n|-ability|p2b: Drampa|Cloud Nine\n|turn|1\n|\n|t:|1775951284\n|move|p1a: Incineroar|Fake Out|p2b: Drampa\n|-damage|p2b: Drampa|88/100\n|move|p1b: Dragapult|Steel Wing|p2a: Mimikyu\n|-activate|p2a: Mimikyu|ability: Disguise\n|-damage|p2a: Mimikyu|100/100\n|-boost|p1b: Dragapult|def|1\n|detailschange|p2a: Mimikyu|Mimikyu-Busted, L50, F\n|-damage|p2a: Mimikyu|88/100|[from] pokemon: Mimikyu-Busted\n|cant|p2b: Drampa|flinch\n|move|p2a: Mimikyu|Trick Room|p2a: Mimikyu\n|-fieldstart|move: Trick Room|[of] p2a: Mimikyu\n|\n|upkeep\n|turn|2\n|\n|t:|1775951304\n|move|p1b: Dragapult|Protect|p1b: Dragapult\n|-singleturn|p1b: Dragapult|Protect\n|move|p2b: Drampa|Earth Power|p1a: Incineroar|[miss]\n|-miss|p2b: Drampa|p1a: Incineroar\n|move|p1a: Incineroar|Parting Shot|p2b: Drampa\n|-unboost|p2b: Drampa|atk|1\n|-unboost|p2b: Drampa|spa|1\n|\n|t:|1775951315\n|switch|p1a: Sylveon|Sylveon, L50, M|100/100|[from] Parting Shot\n|move|p2a: Mimikyu|Play Rough|p1b: Dragapult\n|-activate|p1b: Dragapult|move: Protect\n|\n|upkeep\n|turn|3\n|l|\u203dthenewwind1224\n|inactive|thenewwind1224 disconnected and has a minute to reconnect!\n|player|p2|\n|c|\u2606GuitaHebbyFantaisa|can I tell you a secret\n|c|\u2606GuitaHebbyFantaisa|I forgot to select Floette\n|inactive|thenewwind1224 has 30 seconds left.\n|inactive|thenewwind1224 has 20 seconds left.\n|j|\u203dthenewwind1224\n|inactive|thenewwind1224 reconnected and has 20 seconds left.\n|player|p2|thenewwind1224|266|\n|n|\u203dthenewwind1224|thenewwind1224\n|n|\u203dthenewwind1224|thenewwind1224\n|l|\u203dthenewwind1224\n|inactive|thenewwind1224 disconnected and has a minute to reconnect!\n|player|p2|\n|inactive|thenewwind1224 has 15 seconds left.\n|j|\u203dthenewwind1224\n|inactive|thenewwind1224 reconnected and has 15 seconds left.\n|player|p2|thenewwind1224|266|\n|inactive|thenewwind1224 has 10 seconds left.\n|inactive|thenewwind1224 has 5 seconds left.\n|\n|t:|1775951370\n|move|p2b: Drampa|Hyper Voice|p1a: Sylveon|[spread] p1a\n|-immune|p1b: Dragapult\n|-damage|p1a: Sylveon|81/100\n|move|p1a: Sylveon|Hyper Voice|p2a: Mimikyu|[spread] p2a,p2b\n|-supereffective|p2b: Drampa|1\n|-damage|p2a: Mimikyu|42/100\n|-damage|p2b: Drampa|0 fnt\n|faint|p2b: Drampa\n|move|p1b: Dragapult|Phantom Force||[still]\n|-prepare|p1b: Dragapult|Phantom Force\n|move|p2a: Mimikyu|Trick Room|p2a: Mimikyu\n|-fieldend|move: Trick Room\n|\n|upkeep\n|inactive|thenewwind1224 has 30 seconds left.\n|inactive|thenewwind1224 has 20 seconds left.\n|inactive|thenewwind1224 has 15 seconds left.\n|inactive|thenewwind1224 has 10 seconds left.\n|inactive|thenewwind1224 has 5 seconds left.\n|\n|t:|1775951425\n|switch|p2b: Golurk|Golurk, L50|100/100\n|turn|4\n|c|\u2606GuitaHebbyFantaisa|why are you edging me\n|inactive|thenewwind1224 has 30 seconds left.\n|inactive|thenewwind1224 has 20 seconds left.\n|inactive|thenewwind1224 has 15 seconds left.\n|inactive|thenewwind1224 has 10 seconds left.\n|inactive|thenewwind1224 has 5 seconds left.\n|\n|t:|1775951480\n|move|p1b: Dragapult|Phantom Force|p2a: Mimikyu|[from] lockedmove\n|-supereffective|p2a: Mimikyu|1\n|-damage|p2a: Mimikyu|0 fnt\n|faint|p2a: Mimikyu\n|move|p1a: Sylveon|Hyper Beam|p2b: Golurk\n|-damage|p2b: Golurk|0 fnt\n|-mustrecharge|p1a: Sylveon\n|faint|p2b: Golurk\n|\n|upkeep\n|inactive|thenewwind1224 has 30 seconds left.\n|inactive|thenewwind1224 has 20 seconds left.\n|inactive|thenewwind1224 has 15 seconds left.\n|inactive|thenewwind1224 has 10 seconds left.\n|inactive|thenewwind1224 has 5 seconds left.\n|\n|t:|1775951535\n|switch|p2a: Farigiraf|Farigiraf, L50, M|100/100\n|turn|5\n|inactive|thenewwind1224 has 30 seconds left.\n|inactive|thenewwind1224 has 20 seconds left.\n|inactive|thenewwind1224 has 15 seconds left.\n|inactive|thenewwind1224 has 10 seconds left.\n|inactive|thenewwind1224 has 5 seconds left.\n|\n|t:|1775951590\n|move|p1b: Dragapult|Dragon Darts|p2a: Farigiraf\n|-damage|p2a: Farigiraf|68/100\n|-anim|p1b: Dragapult|Dragon Darts|p2a: Farigiraf\n|-damage|p2a: Farigiraf|35/100\n|cant|p1a: Sylveon|recharge\n|move|p2a: Farigiraf|Trick Room|p2a: Farigiraf\n|-fieldstart|move: Trick Room|[of] p2a: Farigiraf\n|\n|upkeep\n|turn|6\n|inactive|thenewwind1224 has 30 seconds left.\n|inactive|thenewwind1224 has 20 seconds left.\n|inactive|thenewwind1224 has 15 seconds left.\n|inactive|thenewwind1224 has 10 seconds left.\n|inactive|thenewwind1224 has 5 seconds left.\n|\n|t:|1775951645\n|move|p1a: Sylveon|Protect|p1a: Sylveon\n|-singleturn|p1a: Sylveon|Protect\n|move|p1b: Dragapult|Protect|p1b: Dragapult\n|-singleturn|p1b: Dragapult|Protect\n|move|p2a: Farigiraf|Trick Room|p2a: Farigiraf\n|-fieldend|move: Trick Room\n|\n|upkeep\n|turn|7\n|inactive|thenewwind1224 has 30 seconds left.\n|c|\u2606GuitaHebbyFantaisa|what are we doing here man\n|inactive|thenewwind1224 has 20 seconds left.\n|inactive|thenewwind1224 has 15 seconds left.\n|inactive|thenewwind1224 has 10 seconds left.\n|inactive|thenewwind1224 has 5 seconds left.\n|\n|t:|1775951700\n|move|p1b: Dragapult|Dragon Darts|p2a: Farigiraf\n|-damage|p2a: Farigiraf|3/100\n|-anim|p1b: Dragapult|Dragon Darts|p2a: Farigiraf\n|-damage|p2a: Farigiraf|0 fnt\n|faint|p2a: Farigiraf\n|\n|win|GuitaHebbyFantaisa\n|raw|GuitaHebbyFantaisa's rating: 1175 &rarr; <strong>1201</strong><br />(+26 for winning)\n|raw|thenewwind1224's rating: 1189 &rarr; <strong>1163</strong><br />(-26 for losing)\n",
  "uploadtime": 1775951707,
  "views": 17,
  "formatid": "gen9championsvgc2026regma",
  "rating": 1163,
  "private": 0,
  "password": null
}