{
  "id": "gen9championsvgc2026regma-2584898257",
  "format": "[Gen 9 Champions] VGC 2026 Reg M-A",
  "players": [
    "darthbear1976",
    "Kala0816"
  ],
  "log": "|j|\u2606darthbear1976\n|j|\u2606Kala0816\n|t:|1776292617\n|gametype|doubles\n|player|p1|darthbear1976|pokemonranger-gen4|1247\n|player|p2|Kala0816|burgh|1337\n|gen|9\n|tier|[Gen 9 Champions] VGC 2026 Reg M-A\n|rated|\n|rule|Species Clause: Limit one of each Pok\u00e9mon\n|rule|Item Clause: Limit 1 of each item\n|clearpoke\n|poke|p1|Heracross, L50, M|\n|poke|p1|Sableye, L50, F|\n|poke|p1|Palafin, L50, M|\n|poke|p1|Incineroar, L50, M|\n|poke|p1|Sinistcha, L50|\n|poke|p1|Gliscor, L50, F|\n|poke|p2|Froslass, L50, F|\n|poke|p2|Garchomp, L50, M|\n|poke|p2|Rotom-Frost, L50|\n|poke|p2|Empoleon, L50, M|\n|poke|p2|Incineroar, L50, F|\n|poke|p2|Kingambit, L50, M|\n|teampreview|4\n|inactive|Battle timer is ON: inactive players will automatically lose when time's up. (requested by darthbear1976)\n|inactive|darthbear1976 has 60 seconds left.\n|inactive|Kala0816 has 60 seconds left.\n|\n|t:|1776292661\n|teamsize|p1|4\n|teamsize|p2|4\n|start\n|switch|p1a: Palafin|Palafin, L50, M|100/100\n|switch|p1b: Sinistcha|Sinistcha, L50|100/100\n|switch|p2a: Froslass|Froslass, L50, F|100/100\n|switch|p2b: Rotom|Rotom-Frost, L50|100/100\n|turn|1\n|inactive|darthbear1976 has 30 seconds left.\n|\n|t:|1776292696\n|detailschange|p2a: Froslass|Froslass-Mega, L50, F\n|-mega|p2a: Froslass|Froslass|Froslassite\n|-weather|Snowscape|[from] ability: Snow Warning|[of] p2a: Froslass\n|move|p2b: Rotom|Volt Switch|p1a: Palafin\n|-supereffective|p1a: Palafin|1\n|-damage|p1a: Palafin|25/100\n|\n|t:|1776292706\n|switch|p2b: Empoleon|Empoleon, L50, M|100/100|[from] Volt Switch\n|move|p2a: Froslass|Aurora Veil|p2a: Froslass\n|-sidestart|p2: Kala0816|move: Aurora Veil\n|move|p1a: Palafin|Flip Turn|p2b: Empoleon\n|-resisted|p2b: Empoleon|1\n|-damage|p2b: Empoleon|92/100\n|\n|t:|1776292713\n|detailschange|p1a: Palafin|Palafin-Hero, L50, M\n|switch|p1a: Heracross|Heracross, L50, M|100/100|[from] Flip Turn\n|move|p1b: Sinistcha|Trick Room|p1b: Sinistcha\n|-fieldstart|move: Trick Room|[of] p1b: Sinistcha\n|\n|-weather|Snowscape|[upkeep]\n|-heal|p2b: Empoleon|97/100|[from] item: Leftovers\n|upkeep\n|turn|2\n|inactive|Kala0816 has 30 seconds left.\n|\n|t:|1776292742\n|detailschange|p1a: Heracross|Heracross-Mega, L50, M\n|-mega|p1a: Heracross|Heracross|Heracronite\n|move|p2b: Empoleon|Protect|p2b: Empoleon\n|-singleturn|p2b: Empoleon|Protect\n|move|p1b: Sinistcha|Matcha Gotcha|p2b: Empoleon|[spread] p2a\n|-activate|p2b: Empoleon|move: Protect\n|-damage|p2a: Froslass|79/100\n|move|p1a: Heracross|Rock Blast|p2a: Froslass\n|-supereffective|p2a: Froslass|1\n|-damage|p2a: Froslass|63/100\n|-supereffective|p2a: Froslass|1\n|-damage|p2a: Froslass|45/100\n|-supereffective|p2a: Froslass|1\n|-damage|p2a: Froslass|26/100\n|-supereffective|p2a: Froslass|1\n|-damage|p2a: Froslass|9/100\n|-supereffective|p2a: Froslass|1\n|-damage|p2a: Froslass|0 fnt\n|faint|p2a: Froslass\n|-hitcount|p2: Froslass|5\n|\n|-weather|Snowscape|[upkeep]\n|-heal|p2b: Empoleon|100/100|[from] item: Leftovers\n|upkeep\n|\n|t:|1776292761\n|switch|p2a: Kingambit|Kingambit, L50, M|100/100\n|turn|3\n|\n|t:|1776292776\n|switch|p2b: Rotom|Rotom-Frost, L50|100/100\n|move|p1b: Sinistcha|Rage Powder|p1b: Sinistcha\n|-singleturn|p1b: Sinistcha|move: Rage Powder\n|move|p2a: Kingambit|Sucker Punch||[still]\n|-fail|p2a: Kingambit\n|move|p1a: Heracross|Close Combat|p2b: Rotom\n|-supereffective|p2b: Rotom|1\n|-damage|p2b: Rotom|0 fnt\n|-unboost|p1a: Heracross|def|1\n|-unboost|p1a: Heracross|spd|1\n|faint|p2b: Rotom\n|\n|-weather|Snowscape|[upkeep]\n|upkeep\n|-message|Kala0816 forfeited.\n|\n|win|darthbear1976\n|raw|darthbear1976's rating: 1247 &rarr; <strong>1278</strong><br />(+31 for winning)\n|raw|Kala0816's rating: 1337 &rarr; <strong>1312</strong><br />(-25 for losing)\n|l|\u2606Kala0816\n|player|p2|\n",
  "uploadtime": 1776292806,
  "views": 36,
  "formatid": "gen9championsvgc2026regma",
  "rating": 1278,
  "private": 0,
  "password": null
}