{
  "id": "gen9championsvgc2026regma-2584344109",
  "format": "[Gen 9 Champions] VGC 2026 Reg M-A",
  "players": [
    "addi.b",
    "Drcheems19"
  ],
  "log": "|j|\u2606addi.b\n|j|\u2606Drcheems19\n|t:|1776253291\n|gametype|doubles\n|player|p1|addi.b|linebacker|1032\n|player|p2|Drcheems19|1|1113\n|gen|9\n|tier|[Gen 9 Champions] VGC 2026 Reg M-A\n|rated|\n|rule|Species Clause: Limit one of each Pok\u00e9mon\n|rule|Item Clause: Limit 1 of each item\n|clearpoke\n|poke|p1|Charizard, L50, M|\n|poke|p1|Farigiraf, L50, F|\n|poke|p1|Armarouge, L50, M|\n|poke|p1|Whimsicott, L50, F|\n|poke|p1|Scizor, L50, M|\n|poke|p1|Milotic, L50, F|\n|poke|p2|Diggersby, L50, M|\n|poke|p2|Heracross, L50, M|\n|poke|p2|Spiritomb, L50, M|\n|poke|p2|Kingambit, L50, F|\n|poke|p2|Torkoal, L50, M|\n|poke|p2|Greninja-*, L50, F|\n|teampreview|4\n|inactive|Battle timer is ON: inactive players will automatically lose when time's up. (requested by Drcheems19)\n|\n|t:|1776253329\n|teamsize|p1|4\n|teamsize|p2|4\n|start\n|switch|p1a: Farigiraf|Farigiraf, L50, F|100/100\n|switch|p1b: Armarouge|Armarouge, L50, M, shiny|100/100\n|switch|p2a: Diggersby|Diggersby, L50, M|100/100\n|switch|p2b: Spiritomb|Spiritomb, L50, M|100/100\n|-ability|p2b: Spiritomb|Pressure\n|turn|1\n|inactive|addi.b has 30 seconds left.\n|\n|t:|1776253359\n|move|p1b: Armarouge|Aura Sphere|p2b: Spiritomb\n|-immune|p2b: Spiritomb\n|move|p2a: Diggersby|Facade|p1a: Farigiraf\n|-damage|p1a: Farigiraf|46/100\n|-enditem|p1a: Farigiraf|Sitrus Berry|[eat]\n|-heal|p1a: Farigiraf|71/100|[from] item: Sitrus Berry\n|move|p1a: Farigiraf|Psychic Terrain|p1a: Farigiraf\n|-fieldstart|move: Psychic Terrain\n|move|p2b: Spiritomb|Will-O-Wisp|p2a: Diggersby\n|-status|p2a: Diggersby|brn\n|\n|-damage|p2a: Diggersby|94/100 brn|[from] brn\n|upkeep\n|turn|2\n|inactive|addi.b has 30 seconds left.\n|inactive|Drcheems19 has 30 seconds left.\n|inactive|addi.b has 20 seconds left.\n|inactive|Drcheems19 has 20 seconds left.\n|\n|t:|1776253397\n|move|p2a: Diggersby|Protect|p2a: Diggersby\n|-singleturn|p2a: Diggersby|Protect\n|move|p1b: Armarouge|Aura Sphere|p2a: Diggersby\n|-activate|p2a: Diggersby|move: Protect\n|move|p2b: Spiritomb|Foul Play|p1a: Farigiraf\n|-supereffective|p1a: Farigiraf|1\n|-damage|p1a: Farigiraf|25/100\n|move|p1a: Farigiraf|Trick Room|p1a: Farigiraf\n|-fieldstart|move: Trick Room|[of] p1a: Farigiraf\n|\n|-damage|p2a: Diggersby|88/100 brn|[from] brn\n|upkeep\n|turn|3\n|\n|t:|1776253420\n|switch|p1a: Whimsicott|Whimsicott, L50, F, shiny|100/100\n|move|p2b: Spiritomb|Foul Play|p1a: Whimsicott\n|-resisted|p1a: Whimsicott|1\n|-damage|p1a: Whimsicott|83/100\n|move|p2a: Diggersby|Facade|p1b: Armarouge\n|-enditem|p1b: Armarouge|Focus Sash\n|-damage|p1b: Armarouge|1/100\n|-ability|p1b: Armarouge|Weak Armor|boost\n|-unboost|p1b: Armarouge|def|1\n|-boost|p1b: Armarouge|spe|2\n|move|p1b: Armarouge|Heat Wave|p2b: Spiritomb|[spread] p2a,p2b\n|-damage|p2a: Diggersby|40/100 brn\n|-damage|p2b: Spiritomb|62/100\n|\n|-damage|p2a: Diggersby|33/100 brn|[from] brn\n|upkeep\n|turn|4\n|-message|addi.b forfeited.\n|\n|win|Drcheems19\n|raw|addi.b's rating: 1032 &rarr; <strong>1021</strong><br />(-11 for losing)\n|raw|Drcheems19's rating: 1113 &rarr; <strong>1132</strong><br />(+19 for winning)\n|l|\u2606addi.b\n|player|p1|\n",
  "uploadtime": 1776253447,
  "views": 33,
  "formatid": "gen9championsvgc2026regma",
  "rating": 1021,
  "private": 0,
  "password": null
}