{
  "id": "gen9championsvgc2026regma-2581429211",
  "format": "[Gen 9 Champions] VGC 2026 Reg M-A",
  "players": [
    "B. Farro",
    "sia lloyd"
  ],
  "log": "|j|\u2606B. Farro\n|j|\u2606sia lloyd\n|t:|1775999517\n|gametype|doubles\n|player|p1|B. Farro|ingo|1119\n|player|p2|sia lloyd|265|1130\n|gen|9\n|tier|[Gen 9 Champions] VGC 2026 Reg M-A\n|rated|\n|rule|Species Clause: Limit one of each Pok\u00e9mon\n|rule|Item Clause: Limit 1 of each item\n|clearpoke\n|poke|p1|Glimmora, L50, F|\n|poke|p1|Whimsicott, L50, F|\n|poke|p1|Altaria, L50, M|\n|poke|p1|Tauros-Paldea-Blaze, L50, M|\n|poke|p1|Garchomp, L50, M|\n|poke|p1|Kangaskhan, L50, F|\n|poke|p2|Goodra-Hisui, L50, M|\n|poke|p2|Meganium, L50, F|\n|poke|p2|Orthworm, L50, M|\n|poke|p2|Mudsdale, L50, F|\n|poke|p2|Wyrdeer, L50, M|\n|teampreview|4\n|inactive|Battle timer is ON: inactive players will automatically lose when time's up. (requested by sia lloyd)\n|inactive|B. Farro has 60 seconds left.\n|\n|t:|1775999568\n|teamsize|p1|4\n|teamsize|p2|4\n|start\n|switch|p1a: Glimmora|Glimmora, L50, F|100/100\n|switch|p1b: Whimsicott|Whimsicott, L50, F|100/100\n|switch|p2a: Wyrdeer|Wyrdeer, L50, M|100/100\n|switch|p2b: Orthworm|Orthworm, L50, M|100/100\n|turn|1\n|inactive|B. Farro has 30 seconds left.\n|\n|t:|1775999602\n|switch|p1a: Tauros|Tauros-Paldea-Blaze, L50, M|100/100\n|-ability|p1a: Tauros|Intimidate|boost\n|-unboost|p2a: Wyrdeer|atk|1\n|-unboost|p2b: Orthworm|atk|1\n|move|p1b: Whimsicott|Tailwind|p1b: Whimsicott\n|-sidestart|p1: B. Farro|move: Tailwind\n|move|p2a: Wyrdeer|Bulldoze|p1a: Tauros|[spread] p1a,p1b\n|-immune|p2b: Orthworm|[from] ability: Earth Eater\n|-supereffective|p1a: Tauros|1\n|-resisted|p1b: Whimsicott|1\n|-damage|p1a: Tauros|83/100\n|-damage|p1b: Whimsicott|95/100\n|-unboost|p1a: Tauros|spe|1\n|-unboost|p1b: Whimsicott|spe|1\n|-enditem|p1a: Tauros|White Herb\n|-clearnegativeboost|p1a: Tauros|[silent]\n|move|p2b: Orthworm|Shed Tail|p2b: Orthworm\n|-start|p2b: Orthworm|Substitute|[from] move: Shed Tail\n|-damage|p2b: Orthworm|50/100\n|-enditem|p2b: Orthworm|Sitrus Berry|[eat]\n|-heal|p2b: Orthworm|75/100|[from] item: Sitrus Berry\n|inactive|sia lloyd has 30 seconds left.\n|\n|t:|1775999629\n|switch|p2b: Meganium|Meganium, L50, F|100/100|[from] Shed Tail\n|\n|upkeep\n|turn|2\n|inactive|B. Farro has 30 seconds left.\n|\n|t:|1775999662\n|detailschange|p2b: Meganium|Meganium-Mega, L50, F\n|-mega|p2b: Meganium|Meganium|Meganiumite\n|move|p1a: Tauros|Close Combat|p2a: Wyrdeer\n|-damage|p2a: Wyrdeer|53/100\n|-unboost|p1a: Tauros|def|1\n|-unboost|p1a: Tauros|spd|1\n|move|p1b: Whimsicott|Energy Ball|p2a: Wyrdeer\n|-ability|p2a: Wyrdeer|Sap Sipper|boost\n|-boost|p2a: Wyrdeer|atk|1\n|move|p2b: Meganium|Petal Blizzard|p1b: Whimsicott|[spread] p1a,p1b\n|-ability|p2a: Wyrdeer|Sap Sipper|boost\n|-boost|p2a: Wyrdeer|atk|1\n|-resisted|p1a: Tauros|1\n|-resisted|p1b: Whimsicott|1\n|-damage|p1a: Tauros|58/100\n|-damage|p1b: Whimsicott|72/100\n|move|p2a: Wyrdeer|Psyshield Bash|p1a: Tauros\n|-supereffective|p1a: Tauros|1\n|-damage|p1a: Tauros|0 fnt\n|-boost|p2a: Wyrdeer|def|1\n|faint|p1a: Tauros\n|\n|upkeep\n|\n|t:|1775999685\n|switch|p1a: Glimmora|Glimmora, L50, F|100/100\n|turn|3\n|c|\u2606sia lloyd|sap coming in clutch\n|\n|t:|1775999708\n|detailschange|p1a: Glimmora|Glimmora-Mega, L50, F\n|-mega|p1a: Glimmora|Glimmora|Glimmoranite\n|move|p1a: Glimmora|Power Gem|p2a: Wyrdeer\n|-damage|p2a: Wyrdeer|7/100\n|move|p1b: Whimsicott|Moonblast|p2a: Wyrdeer\n|-damage|p2a: Wyrdeer|0 fnt\n|faint|p2a: Wyrdeer\n|move|p2b: Meganium|Petal Blizzard|p1a: Glimmora|[spread] p1a,p1b\n|-resisted|p1b: Whimsicott|1\n|-damage|p1a: Glimmora|68/100\n|-damage|p1b: Whimsicott|48/100\n|\n|upkeep\n|\n|t:|1775999717\n|switch|p2a: Goodra|Goodra-Hisui, L50, M|100/100\n|turn|4\n|inactive|sia lloyd has 30 seconds left.\n|inactive|B. Farro has 30 seconds left.\n|\n|t:|1775999760\n|move|p1a: Glimmora|Sludge Bomb|p2b: Meganium\n|-supereffective|p2b: Meganium|2\n|-end|p2b: Meganium|Substitute\n|move|p1b: Whimsicott|Moonblast|p2a: Goodra\n|-damage|p2a: Goodra|75/100\n|move|p2b: Meganium|Petal Blizzard|p1b: Whimsicott|[spread] p1a,p1b\n|-ability|p2a: Goodra|Sap Sipper|boost\n|-boost|p2a: Goodra|atk|1\n|-resisted|p1b: Whimsicott|1\n|-damage|p1a: Glimmora|34/100\n|-damage|p1b: Whimsicott|27/100\n|move|p2a: Goodra|Gyro Ball|p1a: Glimmora\n|-supereffective|p1a: Glimmora|1\n|-damage|p1a: Glimmora|0 fnt\n|faint|p1a: Glimmora\n|\n|-sideend|p1: B. Farro|move: Tailwind\n|upkeep\n|-message|B. Farro forfeited.\n|\n|win|sia lloyd\n|raw|B. Farro's rating: 1119 &rarr; <strong>1095</strong><br />(-24 for losing)\n|raw|sia lloyd's rating: 1130 &rarr; <strong>1154</strong><br />(+24 for winning)\n|l|\u2606sia lloyd\n|player|p2|\n",
  "uploadtime": 1775999805,
  "views": 17,
  "formatid": "gen9championsvgc2026regma",
  "rating": 1095,
  "private": 0,
  "password": null
}