{
  "id": "gen9championsvgc2026regma-2585163241",
  "format": "[Gen 9 Champions] VGC 2026 Reg M-A",
  "players": [
    "MMMMMMMMM FOOD",
    "MRPrince24X"
  ],
  "log": "|j|\u2606MMMMMMMMM FOOD\n|j|\u2606MRPrince24X\n|t:|1776319636\n|gametype|doubles\n|player|p1|MMMMMMMMM FOOD|cynthia-gen4|1169\n|player|p2|MRPrince24X|buck|1072\n|gen|9\n|tier|[Gen 9 Champions] VGC 2026 Reg M-A\n|rated|\n|rule|Species Clause: Limit one of each Pok\u00e9mon\n|rule|Item Clause: Limit 1 of each item\n|clearpoke\n|poke|p1|Archaludon, L50, F|\n|poke|p1|Politoed, L50, M|\n|poke|p1|Incineroar, L50, M|\n|poke|p1|Basculegion, L50, M|\n|poke|p1|Farigiraf, L50, M|\n|poke|p1|Toxicroak, L50, M|\n|poke|p2|Tyranitar, L50, F|\n|poke|p2|Aerodactyl, L50, M|\n|poke|p2|Archaludon, L50, F|\n|poke|p2|Incineroar, L50, M|\n|poke|p2|Tinkaton, L50, F|\n|poke|p2|Glimmora, L50, F|\n|teampreview|4\n|inactive|Battle timer is ON: inactive players will automatically lose when time's up. (requested by MMMMMMMMM FOOD)\n|inactive|MMMMMMMMM FOOD has 60 seconds left.\n|\n|t:|1776319676\n|teamsize|p1|4\n|teamsize|p2|4\n|start\n|switch|p1a: Politoed|Politoed, L50, M|100/100\n|switch|p1b: Archaludon|Archaludon, L50, F|100/100\n|switch|p2a: DINO|Tyranitar, L50, F|100/100\n|switch|p2b: CLIFFORD|Incineroar, L50, M|100/100\n|-weather|Sandstorm|[from] ability: Sand Stream|[of] p2a: DINO\n|-weather|RainDance|[from] ability: Drizzle|[of] p1a: Politoed\n|-ability|p2b: CLIFFORD|Intimidate|boost\n|-unboost|p1a: Politoed|atk|1\n|-unboost|p1b: Archaludon|atk|1\n|turn|1\n|inactive|MRPrince24X has 30 seconds left.\n|inactive|MRPrince24X has 20 seconds left.\n|\n|t:|1776319716\n|move|p2a: DINO|Protect|p2a: DINO\n|-singleturn|p2a: DINO|Protect\n|move|p1b: Archaludon|Electro Shot||[still]\n|-prepare|p1b: Archaludon|Electro Shot\n|-boost|p1b: Archaludon|spa|1\n|-anim|p1b: Archaludon|Electro Shot|p2b: CLIFFORD\n|-damage|p2b: CLIFFORD|34/100\n|move|p1a: Politoed|Weather Ball|p2a: DINO\n|-activate|p2a: DINO|move: Protect\n|move|p2b: CLIFFORD|Parting Shot|p1b: Archaludon\n|-unboost|p1b: Archaludon|atk|1\n|-unboost|p1b: Archaludon|spa|1\n|\n|t:|1776319730\n|switch|p2b: Aerodactyl|Aerodactyl, L50, M|100/100|[from] Parting Shot\n|\n|-weather|RainDance|[upkeep]\n|upkeep\n|turn|2\n|\n|t:|1776319751\n|detailschange|p2b: Aerodactyl|Aerodactyl-Mega, L50, M\n|-mega|p2b: Aerodactyl|Aerodactyl|Aerodactylite\n|move|p1b: Archaludon|Protect|p1b: Archaludon\n|-singleturn|p1b: Archaludon|Protect\n|move|p2b: Aerodactyl|Dual Wingbeat|p1a: Politoed|[miss]\n|-miss|p2b: Aerodactyl|p1a: Politoed\n|move|p2a: DINO|Rock Slide|p1b: Archaludon|[spread] p1a\n|-activate|p1b: Archaludon|move: Protect\n|-damage|p1a: Politoed|74/100\n|move|p1a: Politoed|Icy Wind|p2b: Aerodactyl|[spread] p2a,p2b\n|-supereffective|p2b: Aerodactyl|1\n|-damage|p2a: DINO|91/100\n|-damage|p2b: Aerodactyl|74/100\n|-unboost|p2a: DINO|spe|1\n|-unboost|p2b: Aerodactyl|spe|1\n|\n|-weather|RainDance|[upkeep]\n|upkeep\n|turn|3\n|\n|t:|1776319775\n|move|p2a: DINO|Protect|p2a: DINO\n|-singleturn|p2a: DINO|Protect\n|move|p2b: Aerodactyl|Dual Wingbeat|p1a: Politoed\n|-damage|p1a: Politoed|48/100\n|-damage|p1a: Politoed|21/100\n|-hitcount|p1a: Politoed|2\n|move|p1b: Archaludon|Electro Shot||[still]\n|-prepare|p1b: Archaludon|Electro Shot\n|-boost|p1b: Archaludon|spa|1\n|-anim|p1b: Archaludon|Electro Shot|p2b: Aerodactyl\n|-supereffective|p2b: Aerodactyl|1\n|-damage|p2b: Aerodactyl|0 fnt\n|faint|p2b: Aerodactyl\n|move|p1a: Politoed|Icy Wind|p2a: DINO\n|-activate|p2a: DINO|move: Protect\n|\n|-weather|RainDance|[upkeep]\n|upkeep\n|\n|t:|1776319790\n|switch|p2b: Archaludon|Archaludon, L50, F|100/100\n|turn|4\n|\n|t:|1776319802\n|switch|p1a: Toxicroak|Toxicroak, L50, M|100/100\n|move|p2b: Archaludon|Thunderbolt|p1a: Toxicroak\n|-damage|p1a: Toxicroak|68/100\n|move|p1b: Archaludon|Dragon Pulse|p2b: Archaludon\n|-crit|p2b: Archaludon\n|-damage|p2b: Archaludon|0 fnt\n|faint|p2b: Archaludon\n|move|p2a: DINO|Ice Punch|p1b: Archaludon\n|-damage|p1b: Archaludon|83/100\n|-ability|p1b: Archaludon|Stamina|boost\n|-boost|p1b: Archaludon|def|1\n|\n|-weather|RainDance|[upkeep]\n|-heal|p1a: Toxicroak|80/100|[from] ability: Dry Skin\n|-heal|p1b: Archaludon|89/100|[from] item: Leftovers\n|upkeep\n|-message|MRPrince24X forfeited.\n|\n|win|MMMMMMMMM FOOD\n|raw|MMMMMMMMM FOOD's rating: 1169 &rarr; <strong>1187</strong><br />(+18 for winning)\n|raw|MRPrince24X's rating: 1072 &rarr; <strong>1057</strong><br />(-15 for losing)\n|l|\u2606MRPrince24X\n|player|p2|\n",
  "uploadtime": 1776319821,
  "views": 44,
  "formatid": "gen9championsvgc2026regma",
  "rating": 1057,
  "private": 0,
  "password": null
}