{
  "id": "gen9championsvgc2026regma-2586572030",
  "format": "[Gen 9 Champions] VGC 2026 Reg M-A",
  "players": [
    "tonybravais",
    "ADUSTTHUNDA"
  ],
  "log": "|j|\u2606tonybravais\n|j|\u2606ADUSTTHUNDA\n|t:|1776443936\n|gametype|doubles\n|player|p1|tonybravais|170|1168\n|player|p2|ADUSTTHUNDA|infielder|1136\n|gen|9\n|tier|[Gen 9 Champions] VGC 2026 Reg M-A\n|rated|\n|rule|Species Clause: Limit one of each Pok\u00e9mon\n|rule|Item Clause: Limit 1 of each item\n|clearpoke\n|poke|p1|Farigiraf, L50, M|\n|poke|p1|Slowking-Galar, L50, F|\n|poke|p1|Glaceon, L50, M|\n|poke|p1|Empoleon, L50, F|\n|poke|p1|Golurk, L50|\n|poke|p1|Camerupt, L50, M|\n|poke|p2|Tyranitar, L50, M|\n|poke|p2|Excadrill, L50, M|\n|poke|p2|Sylveon, L50, M|\n|poke|p2|Sinistcha-Masterpiece, L50|\n|poke|p2|Rotom-Wash, L50|\n|poke|p2|Incineroar, L50, M|\n|teampreview|4\n|\n|t:|1776444003\n|teamsize|p1|4\n|teamsize|p2|4\n|start\n|switch|p1a: Farigiraf|Farigiraf, L50, M|100/100\n|switch|p1b: Empoleon|Empoleon, L50, F|100/100\n|switch|p2a: Incineroar|Incineroar, L50, M|100/100\n|switch|p2b: Shaq|Tyranitar, L50, M|100/100\n|-ability|p2a: Incineroar|Intimidate|boost\n|-unboost|p1a: Farigiraf|atk|1\n|-unboost|p1b: Empoleon|atk|1\n|-ability|p1b: Empoleon|Competitive|boost\n|-boost|p1b: Empoleon|spa|2\n|-weather|Sandstorm|[from] ability: Sand Stream|[of] p2b: Shaq\n|turn|1\n|\n|t:|1776444021\n|detailschange|p2b: Shaq|Tyranitar-Mega, L50, M\n|-mega|p2b: Shaq|Tyranitar|Tyranitarite\n|move|p2a: Incineroar|Fake Out||[still]\n|cant|p1a: Farigiraf|ability: Armor Tail|Fake Out|[of] p2a: Incineroar\n|move|p2b: Shaq|Lash Out|p1a: Farigiraf\n|-supereffective|p1a: Farigiraf|1\n|-damage|p1a: Farigiraf|34/100\n|move|p1b: Empoleon|Steel Beam|p2b: Shaq\n|-supereffective|p2b: Shaq|1\n|-damage|p2b: Shaq|0 fnt\n|-damage|p1b: Empoleon|50/100|[from] steelbeam\n|faint|p2b: Shaq\n|-heal|p1b: Empoleon|62/100|[from] item: Shell Bell|[of] p2: Shaq\n|move|p1a: Farigiraf|Trick Room|p1a: Farigiraf\n|-fieldstart|move: Trick Room|[of] p1a: Farigiraf\n|\n|-weather|Sandstorm|[upkeep]\n|-damage|p1a: Farigiraf|28/100|[from] Sandstorm\n|-damage|p2a: Incineroar|95/100|[from] Sandstorm\n|-heal|p1a: Farigiraf|34/100|[from] item: Leftovers\n|upkeep\n|\n|t:|1776444034\n|switch|p2b: Big Green|Sinistcha-Masterpiece, L50|100/100\n|-heal|p2a: Incineroar|100/100|[from] ability: Hospitality|[of] p2b: Big Green\n|turn|2\n|\n|t:|1776444046\n|switch|p1a: Camerupt|Camerupt, L50, M|100/100\n|move|p1b: Empoleon|Protect|p1b: Empoleon\n|-singleturn|p1b: Empoleon|Protect\n|move|p2b: Big Green|Rage Powder|p2b: Big Green\n|-singleturn|p2b: Big Green|move: Rage Powder\n|move|p2a: Incineroar|Brick Break|p1b: Empoleon\n|-activate|p1b: Empoleon|move: Protect\n|\n|-weather|Sandstorm|[upkeep]\n|-damage|p2b: Big Green|94/100|[from] Sandstorm\n|-damage|p2a: Incineroar|95/100|[from] Sandstorm\n|upkeep\n|turn|3\n|\n|t:|1776444063\n|detailschange|p1a: Camerupt|Camerupt-Mega, L50, M\n|-mega|p1a: Camerupt|Camerupt|Cameruptite\n|move|p2b: Big Green|Rage Powder|p2b: Big Green\n|-singleturn|p2b: Big Green|move: Rage Powder\n|move|p1a: Camerupt|Heat Wave|p2b: Big Green|[spread] p2b\n|-miss|p1a: Camerupt|p2a: Incineroar\n|-supereffective|p2b: Big Green|1\n|-damage|p2b: Big Green|0 fnt\n|faint|p2b: Big Green\n|move|p1b: Empoleon|Hydro Pump|p2a: Incineroar\n|-supereffective|p2a: Incineroar|1\n|-damage|p2a: Incineroar|0 fnt\n|faint|p2a: Incineroar\n|-heal|p1b: Empoleon|74/100|[from] item: Shell Bell|[of] p2: Incineroar\n|\n|-weather|Sandstorm|[upkeep]\n|upkeep\n|-message|ADUSTTHUNDA forfeited.\n|\n|win|tonybravais\n|raw|tonybravais's rating: 1168 &rarr; <strong>1191</strong><br />(+23 for winning)\n|raw|ADUSTTHUNDA's rating: 1136 &rarr; <strong>1113</strong><br />(-23 for losing)\n|l|\u2606ADUSTTHUNDA\n|player|p2|\n",
  "uploadtime": 1776444079,
  "views": 35,
  "formatid": "gen9championsvgc2026regma",
  "rating": 1113,
  "private": 0,
  "password": null
}