{
  "id": "gen9championsvgc2026regma-2581525734",
  "format": "[Gen 9 Champions] VGC 2026 Reg M-A",
  "players": [
    "augsaas",
    "ethereallovefr"
  ],
  "log": "|j|\u2606augsaas\n|j|\u2606ethereallovefr\n|t:|1776008222\n|gametype|doubles\n|player|p1|augsaas|cynthia-gen4|1151\n|player|p2|ethereallovefr|102|1189\n|gen|9\n|tier|[Gen 9 Champions] VGC 2026 Reg M-A\n|rated|\n|rule|Species Clause: Limit one of each Pok\u00e9mon\n|rule|Item Clause: Limit 1 of each item\n|clearpoke\n|poke|p1|Altaria, L50, F|\n|poke|p1|Sneasler, L50, F|\n|poke|p1|Gengar, L50, M|\n|poke|p1|Kingambit, L50, M|\n|poke|p1|Whimsicott, L50, F|\n|poke|p1|Typhlosion-Hisui, L50, F|\n|poke|p2|Meganium, L50, M|\n|poke|p2|Sneasler, L50, M|\n|poke|p2|Basculegion, L50, M|\n|poke|p2|Incineroar, L50, F|\n|poke|p2|Aerodactyl, L50, M|\n|poke|p2|Pelipper, L50, F|\n|teampreview|4\n|\n|t:|1776008260\n|teamsize|p1|4\n|teamsize|p2|4\n|start\n|switch|p1a: Gengar|Gengar, L50, M|100/100\n|switch|p1b: Kingambit|Kingambit, L50, M|100/100\n|switch|p2a: Sneasler|Sneasler, L50, M|100/100\n|switch|p2b: Basculegion|Basculegion, L50, M|100/100\n|turn|1\n|\n|t:|1776008320\n|switch|p1b: Altaria|Altaria, L50, F|100/100\n|-ability|p1b: Altaria|Cloud Nine\n|detailschange|p1a: Gengar|Gengar-Mega, L50, M\n|-mega|p1a: Gengar|Gengar|Gengarite\n|move|p2a: Sneasler|Fake Out|p1b: Altaria\n|-damage|p1b: Altaria|86/100\n|move|p1a: Gengar|Shadow Ball|p2b: Basculegion\n|-supereffective|p2b: Basculegion|1\n|-damage|p2b: Basculegion|0 fnt\n|faint|p2b: Basculegion\n|\n|upkeep\n|inactive|Battle timer is ON: inactive players will automatically lose when time's up. (requested by augsaas)\n|\n|t:|1776008334\n|switch|p2b: Pelipper|Pelipper, L50, F|100/100\n|-weather|RainDance|[from] ability: Drizzle|[of] p2b: Pelipper\n|turn|2\n|inactive|augsaas has 30 seconds left.\n|inactive|ethereallovefr has 30 seconds left.\n|\n|t:|1776008367\n|move|p1a: Gengar|Shadow Ball|p2a: Sneasler\n|-damage|p2a: Sneasler|28/100\n|move|p2a: Sneasler|Dire Claw|p1b: Altaria\n|-damage|p1b: Altaria|48/100\n|move|p2b: Pelipper|Hurricane|p1b: Altaria\n|-damage|p1b: Altaria|6/100\n|move|p1b: Altaria|Hyper Voice|p2a: Sneasler|[spread] p2a,p2b\n|-damage|p2a: Sneasler|9/100\n|-damage|p2b: Pelipper|78/100\n|\n|-weather|RainDance|[upkeep]\n|upkeep\n|turn|3\n|inactive|augsaas has 30 seconds left.\n|\n|t:|1776008393\n|move|p2a: Sneasler|Protect|p2a: Sneasler\n|-singleturn|p2a: Sneasler|Protect\n|move|p1a: Gengar|Sludge Bomb|p2b: Pelipper\n|-damage|p2b: Pelipper|0 fnt\n|faint|p2b: Pelipper\n|move|p1b: Altaria|Hyper Voice|p2a: Sneasler\n|-activate|p2a: Sneasler|move: Protect\n|\n|-weather|RainDance|[upkeep]\n|upkeep\n|\n|t:|1776008400\n|switch|p2b: Meganium|Meganium, L50, M, shiny|100/100\n|turn|4\n|-message|ethereallovefr forfeited.\n|\n|win|augsaas\n|raw|augsaas's rating: 1151 &rarr; <strong>1179</strong><br />(+28 for winning)\n|raw|ethereallovefr's rating: 1189 &rarr; <strong>1161</strong><br />(-28 for losing)\n|l|\u2606ethereallovefr\n|player|p2|\n",
  "uploadtime": 1776008410,
  "views": 21,
  "formatid": "gen9championsvgc2026regma",
  "rating": 1161,
  "private": 0,
  "password": null
}