{
  "id": "gen9championsvgc2026regma-2581334707",
  "format": "[Gen 9 Champions] VGC 2026 Reg M-A",
  "players": [
    "geets2306",
    "coldend"
  ],
  "log": "|j|\u2606geets2306\n|j|\u2606coldend\n|t:|1775988158\n|gametype|doubles\n|player|p1|geets2306|102|1313\n|player|p2|coldend|170|1301\n|gen|9\n|tier|[Gen 9 Champions] VGC 2026 Reg M-A\n|rated|\n|rule|Species Clause: Limit one of each Pok\u00e9mon\n|rule|Item Clause: Limit 1 of each item\n|clearpoke\n|poke|p1|Araquanid, L50, M|\n|poke|p1|Sinistcha-Masterpiece, L50|\n|poke|p1|Glimmora, L50, M|\n|poke|p1|Aggron, L50, M|\n|poke|p1|Dragapult, L50, M|\n|poke|p1|Charizard, L50, M|\n|poke|p2|Incineroar, L50, M|\n|poke|p2|Charizard, L50, M|\n|poke|p2|Whimsicott, L50, M|\n|poke|p2|Sneasler, L50, F|\n|poke|p2|Garchomp, L50, F|\n|poke|p2|Maushold, L50|\n|teampreview|4\n|inactive|Battle timer is ON: inactive players will automatically lose when time's up. (requested by geets2306)\n|inactive|coldend also wants the timer to be on.\n|\n|t:|1775988182\n|teamsize|p1|4\n|teamsize|p2|4\n|start\n|switch|p1a: Glimmora|Glimmora, L50, M|100/100\n|switch|p1b: Aggron|Aggron, L50, M|100/100\n|switch|p2a: Charizard|Charizard, L50, M|100/100\n|switch|p2b: Garchomp|Garchomp, L50, F|100/100\n|turn|1\n|\n|t:|1775988192\n|detailschange|p1b: Aggron|Aggron-Mega, L50, M\n|-mega|p1b: Aggron|Aggron|Aggronite\n|move|p2a: Charizard|Protect|p2a: Charizard\n|-singleturn|p2a: Charizard|Protect\n|move|p1a: Glimmora|Power Gem|p2a: Charizard\n|-activate|p2a: Charizard|move: Protect\n|move|p2b: Garchomp|Earthquake|p1b: Aggron|[spread] p1a,p1b\n|-activate|p2a: Charizard|move: Protect\n|-supereffective|p1a: Glimmora|2\n|-supereffective|p1b: Aggron|1\n|-damage|p1a: Glimmora|0 fnt\n|-damage|p1b: Aggron|75/100\n|-activate|p1a: Glimmora|ability: Toxic Debris\n|-sidestart|p2: coldend|move: Toxic Spikes\n|faint|p1a: Glimmora\n|move|p1b: Aggron|Iron Defense|p1b: Aggron\n|-boost|p1b: Aggron|def|2\n|\n|upkeep\n|\n|t:|1775988206\n|switch|p1a: Sinistcha|Sinistcha-Masterpiece, L50|100/100\n|-heal|p1b: Aggron|99/100|[from] ability: Hospitality|[of] p1a: Sinistcha\n|turn|2\n|\n|t:|1775988221\n|detailschange|p2a: Charizard|Charizard-Mega-Y, L50, M\n|-mega|p2a: Charizard|Charizard|Charizardite Y\n|-weather|SunnyDay|[from] ability: Drought|[of] p2a: Charizard\n|move|p1b: Aggron|Protect|p1b: Aggron\n|-singleturn|p1b: Aggron|Protect\n|move|p2b: Garchomp|Earthquake|p1b: Aggron|[spread] p1a\n|-activate|p1b: Aggron|move: Protect\n|-immune|p2a: Charizard\n|-resisted|p1a: Sinistcha|1\n|-damage|p1a: Sinistcha|85/100\n|move|p2a: Charizard|Weather Ball|p1a: Sinistcha\n|-supereffective|p1a: Sinistcha|1\n|-damage|p1a: Sinistcha|0 fnt\n|faint|p1a: Sinistcha\n|\n|-weather|SunnyDay|[upkeep]\n|upkeep\n|\n|t:|1775988236\n|switch|p1a: Dragapult|Dragapult, L50, M|100/100\n|turn|3\n|\n|t:|1775988242\n|move|p1a: Dragapult|Dragon Darts|p2a: Charizard\n|-damage|p2a: Charizard|68/100\n|-anim|p1a: Dragapult|Dragon Darts|p2b: Garchomp\n|-supereffective|p2b: Garchomp|1\n|-damage|p2b: Garchomp|45/100\n|move|p2b: Garchomp|Dragon Claw|p1a: Dragapult\n|-supereffective|p1a: Dragapult|1\n|-enditem|p1a: Dragapult|Focus Sash\n|-damage|p1a: Dragapult|1/100\n|move|p2a: Charizard|Weather Ball|p1b: Aggron\n|-supereffective|p1b: Aggron|1\n|-damage|p1b: Aggron|0 fnt\n|faint|p1b: Aggron\n|\n|-weather|SunnyDay|[upkeep]\n|upkeep\n|turn|4\n|\n|t:|1775988258\n|move|p1a: Dragapult|Dragon Darts|p2a: Charizard\n|-damage|p2a: Charizard|38/100\n|-anim|p1a: Dragapult|Dragon Darts|p2b: Garchomp\n|-supereffective|p2b: Garchomp|1\n|-crit|p2b: Garchomp\n|-damage|p2b: Garchomp|0 fnt\n|faint|p2b: Garchomp\n|move|p2a: Charizard|Weather Ball|p1a: Dragapult\n|-resisted|p1a: Dragapult|1\n|-damage|p1a: Dragapult|0 fnt\n|faint|p1a: Dragapult\n|\n|win|coldend\n|raw|geets2306's rating: 1313 &rarr; <strong>1292</strong><br />(-21 for losing)\n|raw|coldend's rating: 1301 &rarr; <strong>1322</strong><br />(+21 for winning)\n|l|\u2606coldend\n|player|p2|\n|l|\u2606geets2306\n|player|p1|\n|j| gE1xjZRtuhW2DdT0AK\n",
  "uploadtime": 1775988463,
  "views": 25,
  "formatid": "gen9championsvgc2026regma",
  "rating": 1292,
  "private": 0,
  "password": null
}