{
  "id": "gen9championsvgc2026regma-2587995266",
  "format": "[Gen 9 Champions] VGC 2026 Reg M-A",
  "players": [
    "zenunocs",
    "Keyan_Sans"
  ],
  "log": "|j|\u2606zenunocs\n|j|\u2606Keyan_Sans\n|t:|1776590333\n|gametype|doubles\n|player|p1|zenunocs|102|1271\n|player|p2|Keyan_Sans|hugh|1284\n|gen|9\n|tier|[Gen 9 Champions] VGC 2026 Reg M-A\n|rated|\n|rule|Species Clause: Limit one of each Pok\u00e9mon\n|rule|Item Clause: Limit 1 of each item\n|clearpoke\n|poke|p1|Blastoise, L50, F|\n|poke|p1|Meganium, L50, F|\n|poke|p1|Pelipper, L50, M|\n|poke|p1|Archaludon, L50, M|\n|poke|p1|Basculegion, L50, M|\n|poke|p1|Sinistcha, L50|\n|poke|p2|Dragonite, L50, F|\n|poke|p2|Pelipper, L50, F|\n|poke|p2|Basculegion, L50, M|\n|poke|p2|Archaludon, L50, M|\n|poke|p2|Sneasler, L50, M|\n|poke|p2|Maushold-Four, L50|\n|teampreview|4\nKeyan_Sans rejected open team sheets.\n|inactive|Battle timer is ON: inactive players will automatically lose when time's up. (requested by Keyan_Sans)\n|inactive|Keyan_Sans has 60 seconds left.\n|\n|t:|1776590374\n|teamsize|p1|4\n|teamsize|p2|4\n|start\n|switch|p1a: Meganium|Meganium, L50, F|100/100\n|switch|p1b: Pelipper|Pelipper, L50, M|100/100\n|switch|p2a: Dragonite|Dragonite, L50, F|100/100\n|switch|p2b: Archaludon|Archaludon, L50, M|100/100\n|-weather|RainDance|[from] ability: Drizzle|[of] p1b: Pelipper\n|turn|1\n|\n|t:|1776590396\n|detailschange|p2a: Dragonite|Dragonite-Mega, L50, F\n|-mega|p2a: Dragonite|Dragonite|Dragoninite\n|detailschange|p1a: Meganium|Meganium-Mega, L50, F\n|-mega|p1a: Meganium|Meganium|Meganiumite\n|move|p2a: Dragonite|Thunder|p1b: Pelipper\n|-supereffective|p1b: Pelipper|2\n|-enditem|p1b: Pelipper|Focus Sash\n|-damage|p1b: Pelipper|1/100\n|move|p2b: Archaludon|Electro Shot||[still]\n|-prepare|p2b: Archaludon|Electro Shot\n|-boost|p2b: Archaludon|spa|1\n|-anim|p2b: Archaludon|Electro Shot|p1b: Pelipper\n|-supereffective|p1b: Pelipper|2\n|-damage|p1b: Pelipper|0 fnt\n|faint|p1b: Pelipper\n|move|p1a: Meganium|Dazzling Gleam|p2b: Archaludon|[spread] p2a,p2b\n|-supereffective|p2a: Dragonite|1\n|-damage|p2a: Dragonite|70/100\n|-damage|p2b: Archaludon|51/100\n|-ability|p2b: Archaludon|Stamina|boost\n|-boost|p2b: Archaludon|def|1\n|\n|-weather|RainDance|[upkeep]\n|-heal|p2b: Archaludon|57/100|[from] item: Leftovers\n|upkeep\n|\n|t:|1776590419\n|switch|p1b: Basculegion|Basculegion, L50, M|100/100\n|turn|2\n|\n|t:|1776590439\n|move|p1b: Basculegion|Last Respects|p2b: Archaludon\n|-damage|p2b: Archaludon|28/100\n|-ability|p2b: Archaludon|Stamina|boost\n|-boost|p2b: Archaludon|def|1\n|move|p2a: Dragonite|Hurricane|p1a: Meganium\n|-supereffective|p1a: Meganium|1\n|-damage|p1a: Meganium|0 fnt\n|faint|p1a: Meganium\n|move|p2b: Archaludon|Flash Cannon|p1b: Basculegion\n|-resisted|p1b: Basculegion|1\n|-damage|p1b: Basculegion|62/100\n|\n|-weather|RainDance|[upkeep]\n|-heal|p2b: Archaludon|34/100|[from] item: Leftovers\n|upkeep\n|\n|t:|1776590452\n|switch|p1a: Archaludon|Archaludon, L50, M|100/100\n|turn|3\n|\n|t:|1776590462\n|move|p1b: Basculegion|Last Respects|p2b: Archaludon\n|-damage|p2b: Archaludon|1/100\n|-ability|p2b: Archaludon|Stamina|boost\n|-boost|p2b: Archaludon|def|1\n|move|p2a: Dragonite|Ice Beam|p1a: Archaludon\n|-damage|p1a: Archaludon|46/100\n|-ability|p1a: Archaludon|Stamina|boost\n|-boost|p1a: Archaludon|def|1\n|move|p2b: Archaludon|Dragon Pulse|p1a: Archaludon\n|-damage|p1a: Archaludon|0 fnt\n|faint|p1a: Archaludon\n|\n|-weather|RainDance|[upkeep]\n|-heal|p2b: Archaludon|7/100|[from] item: Leftovers\n|upkeep\n|turn|4\n|c|\u2606Keyan_Sans|Gg\n|-message|zenunocs forfeited.\n|\n|win|Keyan_Sans\n|raw|zenunocs's rating: 1271 &rarr; <strong>1247</strong><br />(-24 for losing)\n|raw|Keyan_Sans's rating: 1284 &rarr; <strong>1308</strong><br />(+24 for winning)\n|l|\u2606zenunocs\n|player|p1|\n",
  "uploadtime": 1776590477,
  "views": 24,
  "formatid": "gen9championsvgc2026regma",
  "rating": 1247,
  "private": 0,
  "password": null
}