{
  "id": "gen9championsvgc2026regma-2581319281",
  "format": "[Gen 9 Champions] VGC 2026 Reg M-A",
  "players": [
    "vincy18",
    "lilJesus07"
  ],
  "log": "|j|\u2606vincy18\n|j|\u2606lilJesus07\n|t:|1775986062\n|gametype|doubles\n|player|p1|vincy18|will|1246\n|player|p2|lilJesus07|brawly|1312\n|gen|9\n|tier|[Gen 9 Champions] VGC 2026 Reg M-A\n|rated|\n|rule|Species Clause: Limit one of each Pok\u00e9mon\n|rule|Item Clause: Limit 1 of each item\n|clearpoke\n|poke|p1|Glimmora, L50, M|\n|poke|p1|Talonflame, L50, M|\n|poke|p1|Tauros-Paldea-Aqua, L50, M|\n|poke|p1|Lucario, L50, F|\n|poke|p1|Kingambit, L50, F|\n|poke|p1|Gardevoir, L50, F|\n|poke|p2|Garchomp, L50, M|\n|poke|p2|Floette-Eternal, L50, F|\n|poke|p2|Incineroar, L50, M|\n|poke|p2|Sneasler, L50, F|\n|poke|p2|Kingambit, L50, F|\n|poke|p2|Basculegion, L50, M|\n|teampreview|4\n|inactive|Battle timer is ON: inactive players will automatically lose when time's up. (requested by vincy18)\n|inactive|lilJesus07 also wants the timer to be on.\n|inactive|vincy18 has 60 seconds left.\n|j| miky4208\n|j| gE1xjZRtuhW2DdT0AK\n|l| miky4208\n|inactive|vincy18 has 30 seconds left.\n|inactive|vincy18 has 20 seconds left.\n|\n|t:|1775986136\n|teamsize|p1|4\n|teamsize|p2|4\n|start\n|switch|p1a: Tauros|Tauros-Paldea-Aqua, L50, M|100/100\n|switch|p1b: Talonflame|Talonflame, L50, M|100/100\n|switch|p2a: Floette|Floette-Eternal, L50, F|100/100\n|switch|p2b: Sneasler|Sneasler, L50, F|100/100\n|-ability|p1a: Tauros|Intimidate|boost\n|-unboost|p2a: Floette|atk|1\n|-unboost|p2b: Sneasler|atk|1\n|-enditem|p2b: Sneasler|White Herb\n|-clearnegativeboost|p2b: Sneasler|[silent]\n|turn|1\n|inactive|vincy18 has 30 seconds left.\n|\n|t:|1775986167\n|detailschange|p2a: Floette|Floette-Mega, L50, F\n|-mega|p2a: Floette|Floette|Floettite\n|-ability|p2a: Floette|Fairy Aura\n|move|p2b: Sneasler|Fake Out|p1b: Talonflame\n|-damage|p1b: Talonflame|80/100\n|cant|p1b: Talonflame|flinch\n|move|p2a: Floette|Dazzling Gleam|p1a: Tauros|[spread] p1a,p1b\n|-supereffective|p1a: Tauros|1\n|-resisted|p1b: Talonflame|1\n|-damage|p1a: Tauros|0 fnt\n|-damage|p1b: Talonflame|40/100\n|faint|p1a: Tauros\n|\n|upkeep\n|\n|t:|1775986176\n|switch|p1a: Lucario|Lucario, L50, F|100/100\n|turn|2\n|\n|t:|1775986190\n|detailschange|p1a: Lucario|Lucario-Mega, L50, F\n|-mega|p1a: Lucario|Lucario|Lucarionite\n|move|p1a: Lucario|Bullet Punch|p2a: Floette\n|-supereffective|p2a: Floette|1\n|-damage|p2a: Floette|18/100\n|move|p2b: Sneasler|Close Combat|p1a: Lucario\n|-supereffective|p1a: Lucario|1\n|-damage|p1a: Lucario|0 fnt\n|-unboost|p2b: Sneasler|def|1\n|-unboost|p2b: Sneasler|spd|1\n|faint|p1a: Lucario\n|move|p1b: Talonflame|Dual Wingbeat|p2b: Sneasler\n|-supereffective|p2b: Sneasler|1\n|-damage|p2b: Sneasler|9/100\n|-supereffective|p2b: Sneasler|1\n|-damage|p2b: Sneasler|0 fnt\n|faint|p2b: Sneasler\n|-hitcount|p2: Sneasler|2\n|move|p2a: Floette|Dazzling Gleam|p1b: Talonflame\n|-resisted|p1b: Talonflame|1\n|-damage|p1b: Talonflame|0 fnt\n|faint|p1b: Talonflame\n|\n|upkeep\n|\n|t:|1775986199\n|switch|p1b: Gardevoir|Gardevoir, L50, F|100/100\n|switch|p2b: Basculegion|Basculegion, L50, M|100/100\n|turn|3\n|\n|t:|1775986205\n|move|p1b: Gardevoir|Moonblast|p2a: Floette\n|-damage|p2a: Floette|0 fnt\n|faint|p2a: Floette\n|move|p2b: Basculegion|Wave Crash|p1b: Gardevoir\n|-damage|p1b: Gardevoir|0 fnt\n|faint|p1b: Gardevoir\n|-damage|p2b: Basculegion|77/100|[from] Recoil\n|\n|win|lilJesus07\n|raw|vincy18's rating: 1246 &rarr; <strong>1226</strong><br />(-20 for losing)\n|raw|lilJesus07's rating: 1312 &rarr; <strong>1328</strong><br />(+16 for winning)\n|l|\u2606vincy18\n|player|p1|\n|l|\u2606lilJesus07\n|player|p2|\n",
  "uploadtime": 1775986271,
  "views": 25,
  "formatid": "gen9championsvgc2026regma",
  "rating": 1226,
  "private": 0,
  "password": null
}