{
  "id": "gen9championsvgc2026regma-2588587394",
  "format": "[Gen 9 Champions] VGC 2026 Reg M-A",
  "players": [
    "dkapflzksh",
    "gwonyul"
  ],
  "log": "|j|\u2606dkapflzksh\n|j|\u2606gwonyul\n|t:|1776647667\n|gametype|doubles\n|player|p1|dkapflzksh|scientist-gen4dp|\n|player|p2|gwonyul|1|\n|gen|9\n|tier|[Gen 9 Champions] VGC 2026 Reg M-A\n|rule|Species Clause: Limit one of each Pok\u00e9mon\n|rule|Item Clause: Limit 1 of each item\n|clearpoke\n|poke|p1|Basculegion, L50, M, shiny|\n|poke|p1|Dragonite, L50, F, shiny|\n|poke|p1|Archaludon, L50, F, shiny|\n|poke|p1|Pelipper, L50, F, shiny|\n|poke|p1|Floette-Eternal, L50, F|\n|poke|p1|Kingambit, L50, M, shiny|\n|poke|p2|Clawitzer, L50, M|\n|poke|p2|Ariados, L50, F|\n|poke|p2|Wyrdeer, L50, F|\n|poke|p2|Aromatisse, L50, F|\n|poke|p2|Gourgeist-Super, L50, F|\n|poke|p2|Bastiodon, L50, M|\n|teampreview|4\n|\n|t:|1776647689\n|teamsize|p1|4\n|teamsize|p2|4\n|start\n|switch|p1a: Pelipper|Pelipper, L50, F, shiny|100/100\n|switch|p1b: Basculegion|Basculegion, L50, M, shiny|100/100\n|switch|p2a: Wyrdeer|Wyrdeer, L50, F|100/100\n|switch|p2b: Clawitzer|Clawitzer, L50, M|100/100\n|-weather|RainDance|[from] ability: Drizzle|[of] p1a: Pelipper\n|-ability|p2a: Wyrdeer|Intimidate|boost\n|-unboost|p1a: Pelipper|atk|1\n|-unboost|p1b: Basculegion|atk|1\n|turn|1\n|\n|t:|1776647710\n|move|p1b: Basculegion|Wave Crash|p2a: Wyrdeer\n|-damage|p2a: Wyrdeer|33/100\n|-damage|p1b: Basculegion|76/100|[from] Recoil\n|move|p1a: Pelipper|Weather Ball|p2a: Wyrdeer\n|-damage|p2a: Wyrdeer|0 fnt\n|faint|p2a: Wyrdeer\n|move|p2b: Clawitzer|Dark Pulse|p1b: Basculegion\n|-supereffective|p1b: Basculegion|1\n|-damage|p1b: Basculegion|0 fnt\n|faint|p1b: Basculegion\n|\n|-weather|RainDance|[upkeep]\n|upkeep\n|\n|t:|1776647731\n|switch|p1b: Archaludon|Archaludon, L50, F, shiny|100/100\n|switch|p2a: Gourgeist|Gourgeist-Super, L50, F|100/100\n|-item|p1a: Pelipper|Focus Sash|[from] ability: Frisk|[of] p2a: Gourgeist\n|-item|p1b: Archaludon|Leftovers|[from] ability: Frisk|[of] p2a: Gourgeist\n|turn|2\n|\n|t:|1776647754\n|move|p1a: Pelipper|Hurricane|p2a: Gourgeist\n|-supereffective|p2a: Gourgeist|1\n|-damage|p2a: Gourgeist|35/100\n|move|p1b: Archaludon|Electro Shot||[still]\n|-prepare|p1b: Archaludon|Electro Shot\n|-boost|p1b: Archaludon|spa|1\n|-anim|p1b: Archaludon|Electro Shot|p2b: Clawitzer\n|-supereffective|p2b: Clawitzer|1\n|-damage|p2b: Clawitzer|0 fnt\n|faint|p2b: Clawitzer\n|move|p2a: Gourgeist|Rock Slide|p1a: Pelipper|[spread] p1a,p1b\n|-supereffective|p1a: Pelipper|1\n|-resisted|p1b: Archaludon|1\n|-damage|p1a: Pelipper|69/100\n|-damage|p1b: Archaludon|95/100\n|-ability|p1b: Archaludon|Stamina|boost\n|-boost|p1b: Archaludon|def|1\n|\n|-weather|RainDance|[upkeep]\n|-heal|p1b: Archaludon|100/100|[from] item: Leftovers\n|upkeep\n|\n|t:|1776647765\n|switch|p2b: Ariados|Ariados, L50, F|100/100\n|turn|3\n|\n|t:|1776647775\n|move|p1a: Pelipper|Hurricane|p2b: Ariados\n|-supereffective|p2b: Ariados|1\n|-damage|p2b: Ariados|0 fnt\n|faint|p2b: Ariados\n|move|p1b: Archaludon|Electro Shot||[still]\n|-prepare|p1b: Archaludon|Electro Shot\n|-boost|p1b: Archaludon|spa|1\n|-anim|p1b: Archaludon|Electro Shot|p2a: Gourgeist\n|-resisted|p2a: Gourgeist|1\n|-damage|p2a: Gourgeist|3/100\n|move|p2a: Gourgeist|Rock Slide|p1a: Pelipper|[spread] p1a,p1b\n|-supereffective|p1a: Pelipper|1\n|-resisted|p1b: Archaludon|1\n|-damage|p1a: Pelipper|37/100\n|-damage|p1b: Archaludon|97/100\n|-ability|p1b: Archaludon|Stamina|boost\n|-boost|p1b: Archaludon|def|1\n|\n|-weather|RainDance|[upkeep]\n|-heal|p1b: Archaludon|100/100|[from] item: Leftovers\n|upkeep\n|turn|4\n|\n|t:|1776647793\n|move|p1a: Pelipper|Hurricane|p2a: Gourgeist\n|-supereffective|p2a: Gourgeist|1\n|-damage|p2a: Gourgeist|0 fnt\n|faint|p2a: Gourgeist\n|\n|win|dkapflzksh\n",
  "uploadtime": 1776647793,
  "views": 6,
  "formatid": "gen9championsvgc2026regma",
  "rating": null,
  "private": 0,
  "password": null
}