{
  "id": "gen9championsvgc2026regma-2581598699",
  "format": "[Gen 9 Champions] VGC 2026 Reg M-A",
  "players": [
    "Noedpr",
    "Hushed99"
  ],
  "log": "|j|\u2606Noedpr\n|j|\u2606Hushed99\n|t:|1776014014\n|gametype|doubles\n|player|p1|Noedpr|101|1320\n|player|p2|Hushed99|hilbert-wonderlauncher|1231\n|gen|9\n|tier|[Gen 9 Champions] VGC 2026 Reg M-A\n|rated|\n|rule|Species Clause: Limit one of each Pok\u00e9mon\n|rule|Item Clause: Limit 1 of each item\n|clearpoke\n|poke|p1|Sableye, L50, M|\n|poke|p1|Espathra, L50, F|\n|poke|p1|Milotic, L50, F|\n|poke|p1|Garchomp, L50, M|\n|poke|p1|Gardevoir, L50, F|\n|poke|p1|Charizard, L50, M|\n|poke|p2|Incineroar, L50, F|\n|poke|p2|Whimsicott, L50, F|\n|poke|p2|Sneasler, L50, F|\n|poke|p2|Charizard, L50, F|\n|poke|p2|Basculegion, L50, M|\n|poke|p2|Garchomp, L50, M|\n|teampreview|4\n|inactive|Battle timer is ON: inactive players will automatically lose when time's up. (requested by Hushed99)\n|\n|t:|1776014041\n|teamsize|p1|4\n|teamsize|p2|4\n|start\n|switch|p1a: Sableye|Sableye, L50, M, shiny|100/100\n|switch|p1b: Milotic|Milotic, L50, F, shiny|100/100\n|switch|p2a: Whimsicott|Whimsicott, L50, F|100/100\n|switch|p2b: Garchomp|Garchomp, L50, M|100/100\n|turn|1\n|inactive|Hushed99 has 30 seconds left.\n|inactive|Hushed99 has 20 seconds left.\n|inactive|Hushed99 has 15 seconds left.\n|inactive|Hushed99 has 10 seconds left.\n|inactive|Hushed99 has 5 seconds left.\n|\n|t:|1776014095\n|switch|p2b: Basculegion|Basculegion, L50, M|100/100\n|move|p1a: Sableye|Fake Out|p2a: Whimsicott\n|-damage|p2a: Whimsicott|89/100\n|cant|p2a: Whimsicott|flinch\n|move|p1b: Milotic|Ice Beam|p2b: Basculegion\n|-resisted|p2b: Basculegion|1\n|-damage|p2b: Basculegion|86/100\n|-status|p2b: Basculegion|frz\n|\n|upkeep\n|turn|2\n|\n|t:|1776014117\n|move|p2a: Whimsicott|Tailwind|p2a: Whimsicott\n|-sidestart|p2: Hushed99|move: Tailwind\n|cant|p2b: Basculegion|frz\n|move|p1b: Milotic|Ice Beam|p2a: Whimsicott\n|-supereffective|p2a: Whimsicott|1\n|-damage|p2a: Whimsicott|0 fnt\n|faint|p2a: Whimsicott\n|move|p1a: Sableye|Foul Play|p2b: Basculegion\n|-supereffective|p2b: Basculegion|1\n|-damage|p2b: Basculegion|0 fnt\n|faint|p2b: Basculegion\n|\n|upkeep\n|\n|t:|1776014126\n|switch|p2a: Garchomp|Garchomp, L50, M|100/100\n|switch|p2b: Charizard|Charizard, L50, F|100/100\n|turn|3\n|\n|t:|1776014139\n|detailschange|p2b: Charizard|Charizard-Mega-Y, L50, F\n|-mega|p2b: Charizard|Charizard|Charizardite Y\n|-weather|SunnyDay|[from] ability: Drought|[of] p2b: Charizard\n|move|p1a: Sableye|Gravity|p1a: Sableye\n|-fieldstart|move: Gravity\n|move|p2a: Garchomp|Earthquake|p1b: Milotic|[spread] p2b,p1a,p1b\n|-supereffective|p2b: Charizard|1\n|-damage|p2b: Charizard|0 fnt\n|-damage|p1a: Sableye|49/100\n|-damage|p1b: Milotic|61/100\n|faint|p2b: Charizard\n|move|p1b: Milotic|Ice Beam|p2a: Garchomp\n|-supereffective|p2a: Garchomp|2\n|-enditem|p2a: Garchomp|Focus Sash\n|-damage|p2a: Garchomp|1/100\n|\n|-weather|SunnyDay|[upkeep]\n|-heal|p1b: Milotic|67/100|[from] item: Leftovers\n|upkeep\n|turn|4\n|\n|t:|1776014157\n|move|p1a: Sableye|Feint|p2a: Garchomp\n|-crit|p2a: Garchomp\n|-damage|p2a: Garchomp|0 fnt\n|faint|p2a: Garchomp\n|\n|win|Noedpr\n|raw|Noedpr's rating: 1320 &rarr; <strong>1335</strong><br />(+15 for winning)\n|raw|Hushed99's rating: 1231 &rarr; <strong>1212</strong><br />(-19 for losing)\n",
  "uploadtime": 1776014164,
  "views": 50,
  "formatid": "gen9championsvgc2026regma",
  "rating": 1212,
  "private": 0,
  "password": null
}