{
  "id": "gen9championsvgc2026regma-2584855105",
  "format": "[Gen 9 Champions] VGC 2026 Reg M-A",
  "players": [
    "thealex610",
    "Fish in percolator"
  ],
  "log": "|j|\u2606thealex610\n|j|\u2606Fish in percolator\n|t:|1776288953\n|gametype|doubles\n|player|p1|thealex610|101|1053\n|player|p2|Fish in percolator|drayden|1000\n|gen|9\n|tier|[Gen 9 Champions] VGC 2026 Reg M-A\n|rated|\n|rule|Species Clause: Limit one of each Pok\u00e9mon\n|rule|Item Clause: Limit 1 of each item\n|clearpoke\n|poke|p1|Sneasler, L50, M|\n|poke|p1|Talonflame, L50, F|\n|poke|p1|Milotic, L50, F|\n|poke|p1|Aegislash, L50, F|\n|poke|p1|Scizor, L50, F|\n|poke|p1|Tyranitar, L50, F|\n|poke|p2|Bellibolt, L50, M|\n|poke|p2|Pelipper, L50, M|\n|poke|p2|Sinistcha, L50|\n|poke|p2|Incineroar, L50, M|\n|poke|p2|Aggron, L50, F|\n|poke|p2|Basculegion, L50, M|\n|teampreview|4\n|inactive|Battle timer is ON: inactive players will automatically lose when time's up. (requested by Fish in percolator)\n|inactive|thealex610 also wants the timer to be on.\n|\n|t:|1776288977\n|teamsize|p1|4\n|teamsize|p2|4\n|start\n|switch|p1a: Sneasler|Sneasler, L50, M|100/100\n|switch|p1b: Milotic|Milotic, L50, F|100/100\n|switch|p2a: Pelipper|Pelipper, L50, M|100/100\n|switch|p2b: Incineroar|Incineroar, L50, M|100/100\n|-weather|RainDance|[from] ability: Drizzle|[of] p2a: Pelipper\n|-ability|p2b: Incineroar|Intimidate|boost\n|-unboost|p1a: Sneasler|atk|1\n|-unboost|p1b: Milotic|atk|1\n|-ability|p1b: Milotic|Competitive|boost\n|-boost|p1b: Milotic|spa|2\n|-enditem|p1a: Sneasler|White Herb\n|-clearnegativeboost|p1a: Sneasler|[silent]\n|turn|1\n|\n|t:|1776288999\n|move|p1a: Sneasler|Fake Out|p2a: Pelipper\n|-damage|p2a: Pelipper|81/100\n|move|p2b: Incineroar|Fake Out|p1a: Sneasler\n|-damage|p1a: Sneasler|84/100\n|move|p1b: Milotic|Scald|p2b: Incineroar\n|-supereffective|p2b: Incineroar|1\n|-damage|p2b: Incineroar|0 fnt\n|faint|p2b: Incineroar\n|cant|p2a: Pelipper|flinch\n|\n|-weather|RainDance|[upkeep]\n|upkeep\n|\n|t:|1776289013\n|switch|p2b: Sinistcha|Sinistcha, L50|100/100\n|-heal|p2a: Pelipper|100/100|[from] ability: Hospitality|[of] p2b: Sinistcha\n|turn|2\n|inactive|thealex610 has 30 seconds left.\n|\n|t:|1776289039\n|switch|p1b: Tyranitar|Tyranitar, L50, F|100/100\n|-weather|Sandstorm|[from] ability: Sand Stream|[of] p1b: Tyranitar\n|move|p1a: Sneasler|Dire Claw|p2b: Sinistcha\n|-damage|p2b: Sinistcha|57/100\n|move|p2a: Pelipper|Hurricane|p1a: Sneasler|[miss]\n|-miss|p2a: Pelipper|p1a: Sneasler\n|move|p2b: Sinistcha|Reflect|p2b: Sinistcha\n|-sidestart|p2: Fish in percolator|Reflect\n|\n|-weather|Sandstorm|[upkeep]\n|-damage|p1a: Sneasler|79/100|[from] Sandstorm\n|-damage|p2a: Pelipper|95/100|[from] Sandstorm\n|-damage|p2b: Sinistcha|50/100|[from] Sandstorm\n|-heal|p2b: Sinistcha|57/100|[from] item: Leftovers\n|upkeep\n|turn|3\n|-message|Fish in percolator forfeited.\n|\n|win|thealex610\n|raw|thealex610's rating: 1053 &rarr; <strong>1080</strong><br />(+27 for winning)\n|raw|Fish in percolator's rating: 1000 &rarr; <strong>1000</strong><br />(+0 for losing)\n|l|\u2606Fish in percolator\n|player|p2|\n",
  "uploadtime": 1776289055,
  "views": 20,
  "formatid": "gen9championsvgc2026regma",
  "rating": 1000,
  "private": 0,
  "password": null
}