{
  "id": "gen9championsvgc2026regma-2588861144",
  "format": "[Gen 9 Champions] VGC 2026 Reg M-A",
  "players": [
    "ashurasucks1028",
    "ashura legend"
  ],
  "log": "|j|\u2606ashurasucks1028\n|j|\u2606ashura legend\n|t:|1776679660\n|gametype|doubles\n|player|p1|ashurasucks1028|n|\n|player|p2|ashura legend|dragontamer|\n|gen|9\n|tier|[Gen 9 Champions] VGC 2026 Reg M-A\n|rule|Species Clause: Limit one of each Pok\u00e9mon\n|rule|Item Clause: Limit 1 of each item\n|clearpoke\n|poke|p1|Charizard, L50, F, shiny|\n|poke|p1|Venusaur, L50, M, shiny|\n|poke|p1|Incineroar, L50, F|\n|poke|p1|Whimsicott, L50, M, shiny|\n|poke|p1|Garchomp, L50, F, shiny|\n|poke|p1|Rotom-Wash, L50|\n|poke|p2|Gengar, L50, M|\n|poke|p2|Aegislash, L50, F|\n|poke|p2|Aerodactyl, L50, F|\n|poke|p2|Aggron, L50, F|\n|poke|p2|Alakazam, L50, F|\n|poke|p2|Abomasnow, L50, M|\n|teampreview|4\n|\n|t:|1776679676\n|teamsize|p1|4\n|teamsize|p2|4\n|start\n|switch|p1a: Whimsicott|Whimsicott, L50, M, shiny|100/100\n|switch|p1b: Incineroar|Incineroar, L50, F|100/100\n|switch|p2a: Alakazam|Alakazam, L50, F|100/100\n|switch|p2b: Aegislash|Aegislash, L50, F|100/100\n|-ability|p1b: Incineroar|Intimidate|boost\n|-fail|p2a: Alakazam|unboost|Attack|[from] ability: Inner Focus|[of] p2a: Alakazam\n|-unboost|p2b: Aegislash|atk|1\n|turn|1\n|\n|t:|1776679711\n|detailschange|p2a: Alakazam|Alakazam-Mega, L50, F\n|-mega|p2a: Alakazam|Alakazam|Alakazite\n|-ability|p2a: Alakazam|Prankster|Trace|[from] ability: Trace|[of] p1a: Whimsicott\n|move|p1b: Incineroar|Fake Out|p2a: Alakazam\n|-damage|p2a: Alakazam|81/100\n|move|p1a: Whimsicott|Tailwind|p1a: Whimsicott\n|-sidestart|p1: ashurasucks1028|move: Tailwind\n|cant|p2a: Alakazam|flinch\n|move|p2b: Aegislash|Destiny Bond|p2b: Aegislash\n|-singlemove|p2b: Aegislash|Destiny Bond\n|\n|upkeep\n|turn|2\n|\n|t:|1776679739\n|move|p1a: Whimsicott|Encore|p2b: Aegislash\n|-start|p2b: Aegislash|Encore\n|move|p2a: Alakazam|Expanding Force|p1a: Whimsicott\n|-damage|p1a: Whimsicott|30/100\n|move|p1b: Incineroar|Parting Shot|p2a: Alakazam\n|-unboost|p2a: Alakazam|atk|1\n|-unboost|p2a: Alakazam|spa|1\n|\n|t:|1776679748\n|switch|p1b: Jamalatron|Charizard, L50, F, shiny|100/100|[from] Parting Shot\n|move|p2b: Aegislash|Destiny Bond||[still]\n|-fail|p2b: Aegislash\n|\n|upkeep\n|turn|3\n|\n|t:|1776679761\n|detailschange|p1b: Jamalatron|Charizard-Mega-Y, L50, F, shiny\n|-mega|p1b: Jamalatron|Charizard|Charizardite Y\n|-weather|SunnyDay|[from] ability: Drought|[of] p1b: Jamalatron\n|move|p1b: Jamalatron|Heat Wave|p2b: Aegislash|[spread] p2a,p2b\n|-crit|p2a: Alakazam\n|-supereffective|p2b: Aegislash|1\n|-damage|p2a: Alakazam|0 fnt\n|-damage|p2b: Aegislash|0 fnt\n|faint|p2a: Alakazam\n|faint|p2b: Aegislash\n|move|p1a: Whimsicott|U-turn|p2: Alakazam|[notarget]\n|-fail|p1a: Whimsicott\n|\n|-weather|SunnyDay|[upkeep]\n|upkeep\n|\n|t:|1776679773\n|switch|p2a: Gengar|Gengar, L50, M|100/100\n|switch|p2b: Aggron|Aggron, L50, F|100/100\n|turn|4\n|\n|t:|1776679788\n|move|p1b: Jamalatron|Heat Wave|p2a: Gengar|[spread] p2a,p2b\n|-damage|p2a: Gengar|0 fnt\n|-ability|p2b: Aggron|Sturdy\n|-damage|p2b: Aggron|1/100\n|faint|p2a: Gengar\n|move|p1a: Whimsicott|U-turn|p2b: Aggron\n|-resisted|p2b: Aggron|1\n|-damage|p2b: Aggron|0 fnt\n|faint|p2b: Aggron\n|\n|win|ashurasucks1028\n",
  "uploadtime": 1776679802,
  "views": 17,
  "formatid": "gen9championsvgc2026regma",
  "rating": null,
  "private": 0,
  "password": null
}