{
  "id": "gen9championsvgc2026regma-2586540754",
  "format": "[Gen 9 Champions] VGC 2026 Reg M-A",
  "players": [
    "Pasmar",
    "coldaudio"
  ],
  "log": "|j|\u2606Pasmar\n|j|\u2606coldaudio\n|t:|1776441731\n|gametype|doubles\n|player|p1|Pasmar|102|1111\n|player|p2|coldaudio|170|1125\n|gen|9\n|tier|[Gen 9 Champions] VGC 2026 Reg M-A\n|rated|\n|rule|Species Clause: Limit one of each Pok\u00e9mon\n|rule|Item Clause: Limit 1 of each item\n|clearpoke\n|poke|p1|Blastoise, L50, F|\n|poke|p1|Sneasler, L50, M|\n|poke|p1|Sinistcha-Masterpiece, L50|\n|poke|p1|Garchomp, L50, F|\n|poke|p1|Incineroar, L50, M|\n|poke|p1|Talonflame, L50, M|\n|poke|p2|Ninetales-Alola, L50, M|\n|poke|p2|Mr. Rime, L50, M|\n|poke|p2|Aerodactyl, L50, F|\n|poke|p2|Arcanine-Hisui, L50, M|\n|poke|p2|Gengar, L50, M|\n|poke|p2|Rotom-Heat, L50|\n|teampreview|4\n|inactive|Battle timer is ON: inactive players will automatically lose when time's up. (requested by coldaudio)\n|inactive|Pasmar also wants the timer to be on.\n|\n|t:|1776441762\n|teamsize|p1|4\n|teamsize|p2|4\n|start\n|switch|p1a: Talonflame|Talonflame, L50, M|100/100\n|switch|p1b: Blastoise|Blastoise, L50, F|100/100\n|switch|p2a: Ninetales|Ninetales-Alola, L50, M|100/100\n|switch|p2b: Mr. Rime|Mr. Rime, L50, M|100/100\n|-weather|Snowscape|[from] ability: Snow Warning|[of] p2a: Ninetales\n|turn|1\n|\n|t:|1776441779\n|detailschange|p1b: Blastoise|Blastoise-Mega, L50, F\n|-mega|p1b: Blastoise|Blastoise|Blastoisinite\n|move|p2b: Mr. Rime|Fake Out|p1b: Blastoise\n|-damage|p1b: Blastoise|93/100\n|move|p1a: Talonflame|Tailwind|p1a: Talonflame\n|-sidestart|p1: Pasmar|move: Tailwind\n|cant|p1b: Blastoise|flinch\n|move|p2a: Ninetales|Aurora Veil|p2a: Ninetales\n|-sidestart|p2: coldaudio|move: Aurora Veil\n|\n|-weather|Snowscape|[upkeep]\n|upkeep\n|turn|2\n|\n|t:|1776441797\n|move|p1a: Talonflame|Rain Dance|p1a: Talonflame\n|-weather|RainDance\n|move|p1b: Blastoise|Water Spout|p2a: Ninetales|[spread] p2a,p2b\n|-damage|p2a: Ninetales|36/100\n|-damage|p2b: Mr. Rime|50/100\n|move|p2a: Ninetales|Blizzard|p1a: Talonflame|[spread] p1a,p1b\n|-resisted|p1b: Blastoise|1\n|-damage|p1a: Talonflame|42/100\n|-damage|p1b: Blastoise|75/100\n|-status|p1b: Blastoise|frz\n|move|p2b: Mr. Rime|Dazzling Gleam|p1b: Blastoise|[spread] p1a,p1b\n|-resisted|p1a: Talonflame|1\n|-damage|p1a: Talonflame|27/100\n|-damage|p1b: Blastoise|52/100 frz\n|\n|-weather|RainDance|[upkeep]\n|-heal|p2b: Mr. Rime|56/100|[from] item: Leftovers\n|upkeep\n|turn|3\n|c|\u2606Pasmar|blizzard on rain both hit...\n|c|\u2606coldaudio|Why the fuck does the bird get rain dance\n|inactive|Pasmar has 30 seconds left.\n|inactive|coldaudio has 30 seconds left.\n|inactive|Pasmar has 20 seconds left.\n|inactive|Pasmar has 15 seconds left.\n|\n|t:|1776441839\n|move|p1a: Talonflame|Dual Wingbeat|p2a: Ninetales|[miss]\n|-miss|p1a: Talonflame|p2a: Ninetales\n|cant|p1b: Blastoise|frz\n|move|p2a: Ninetales|Blizzard|p1b: Blastoise|[spread] p1a,p1b\n|-resisted|p1b: Blastoise|1\n|-damage|p1a: Talonflame|0 fnt\n|-damage|p1b: Blastoise|34/100 frz\n|faint|p1a: Talonflame\n|move|p2b: Mr. Rime|Blizzard|p1b: Blastoise\n|-resisted|p1b: Blastoise|1\n|-damage|p1b: Blastoise|8/100 frz\n|\n|-weather|RainDance|[upkeep]\n|-heal|p2b: Mr. Rime|62/100|[from] item: Leftovers\n|upkeep\n|c|\u2606Pasmar|bro\n|c|\u2606coldaudio|Skill gap\n|c|\u2606Pasmar|how tf you land every blizzard\n|inactive|Pasmar has 30 seconds left.\n|inactive|Pasmar has 20 seconds left.\n|-message|Pasmar forfeited.\n|\n|win|coldaudio\n|raw|Pasmar's rating: 1111 &rarr; <strong>1087</strong><br />(-24 for losing)\n|raw|coldaudio's rating: 1125 &rarr; <strong>1149</strong><br />(+24 for winning)\n|c|\u2606Pasmar|skill tua sorella\n",
  "uploadtime": 1776441907,
  "views": 33,
  "formatid": "gen9championsvgc2026regma",
  "rating": 1087,
  "private": 0,
  "password": null
}