{
  "id": "gen9championsvgc2026regma-2584367881",
  "format": "[Gen 9 Champions] VGC 2026 Reg M-A",
  "players": [
    "Glaceon0404",
    "jacinthespuppy"
  ],
  "log": "|j|\u2606Glaceon0404\n|j|\u2606jacinthespuppy\n|t:|1776255450\n|gametype|doubles\n|player|p1|Glaceon0404|youngster-gen4dp|1325\n|player|p2|jacinthespuppy|dawn-gen4pt|1318\n|gen|9\n|tier|[Gen 9 Champions] VGC 2026 Reg M-A\n|rated|\n|rule|Species Clause: Limit one of each Pok\u00e9mon\n|rule|Item Clause: Limit 1 of each item\n|clearpoke\n|poke|p1|Aerodactyl, L50, F|\n|poke|p1|Floette-Eternal, L50, F|\n|poke|p1|Incineroar, L50, M|\n|poke|p1|Sinistcha-Masterpiece, L50|\n|poke|p1|Kingambit, L50, M|\n|poke|p1|Sneasler, L50, F|\n|poke|p2|Tyranitar, L50, M|\n|poke|p2|Excadrill, L50, F|\n|poke|p2|Dragapult, L50, F|\n|poke|p2|Rotom-Heat, L50|\n|poke|p2|Gyarados, L50, M|\n|poke|p2|Sinistcha, L50|\n|teampreview|4\n|inactive|Battle timer is ON: inactive players will automatically lose when time's up. (requested by jacinthespuppy)\n|inactive|Glaceon0404 has 60 seconds left.\n|inactive|jacinthespuppy has 60 seconds left.\njacinthespuppy has agreed to open team sheets.\n|\n|t:|1776255510\n|teamsize|p1|4\n|teamsize|p2|4\n|start\n|switch|p1a: Incineroar|Incineroar, L50, M|100/100\n|switch|p1b: Sinistcha|Sinistcha-Masterpiece, L50|100/100\n|switch|p2a: trick choice scarf|Rotom-Heat, L50|100/100\n|switch|p2b: big boss|Tyranitar, L50, M|100/100\n|-weather|Sandstorm|[from] ability: Sand Stream|[of] p2b: big boss\n|-ability|p1a: Incineroar|Intimidate|boost\n|-unboost|p2a: trick choice scarf|atk|1\n|-unboost|p2b: big boss|atk|1\n|turn|1\n|inactive|Glaceon0404 has 30 seconds left.\n|inactive|Glaceon0404 has 20 seconds left.\n|\n|t:|1776255550\n|detailschange|p2b: big boss|Tyranitar-Mega, L50, M\n|-mega|p2b: big boss|Tyranitar|Tyranitarite\n|move|p2a: trick choice scarf|Overheat|p1b: Sinistcha\n|-supereffective|p1b: Sinistcha|1\n|-crit|p1b: Sinistcha\n|-damage|p1b: Sinistcha|0 fnt\n|-unboost|p2a: trick choice scarf|spa|2\n|faint|p1b: Sinistcha\n|move|p2b: big boss|Knock Off|p1a: Incineroar\n|-resisted|p1a: Incineroar|1\n|-damage|p1a: Incineroar|83/100\n|-enditem|p1a: Incineroar|Chople Berry|[from] move: Knock Off|[of] p2b: big boss\n|move|p1a: Incineroar|Parting Shot|p2b: big boss\n|-unboost|p2b: big boss|atk|1\n|-unboost|p2b: big boss|spa|1\n|\n|t:|1776255563\n|switch|p1a: Kingambit|Kingambit, L50, M|100/100|[from] Parting Shot\n|\n|-weather|Sandstorm|[upkeep]\n|-damage|p2a: trick choice scarf|95/100|[from] Sandstorm\n|upkeep\n|\n|t:|1776255574\n|switch|p1b: Floette|Floette-Eternal, L50, F|100/100\n|turn|2\n|inactive|Glaceon0404 has 30 seconds left.\n|\n|t:|1776255606\n|switch|p2a: resetti|Excadrill, L50, F|100/100\n|detailschange|p1b: Floette|Floette-Mega, L50, F\n|-mega|p1b: Floette|Floette|Floettite\n|-ability|p1b: Floette|Fairy Aura\n|move|p2b: big boss|Protect|p2b: big boss\n|-singleturn|p2b: big boss|Protect\n|move|p1b: Floette|Calm Mind|p1b: Floette\n|-boost|p1b: Floette|spa|1\n|-boost|p1b: Floette|spd|1\n|move|p1a: Kingambit|Kowtow Cleave|p2a: resetti\n|-crit|p2a: resetti\n|-enditem|p2a: resetti|Focus Sash\n|-damage|p2a: resetti|1/100\n|\n|-weather|Sandstorm|[upkeep]\n|-damage|p1b: Floette|94/100|[from] Sandstorm\n|upkeep\n|turn|3\n|\n|t:|1776255632\n|switch|p2b: trick choice scarf|Rotom-Heat, L50|95/100\n|move|p1a: Kingambit|Sucker Punch|p2a: resetti\n|-damage|p2a: resetti|0 fnt\n|faint|p2a: resetti\n|move|p1b: Floette|Moonblast|p2b: trick choice scarf\n|-resisted|p2b: trick choice scarf|1\n|-damage|p2b: trick choice scarf|37/100\n|\n|-weather|Sandstorm|[upkeep]\n|-damage|p1b: Floette|88/100|[from] Sandstorm\n|-damage|p2b: trick choice scarf|31/100|[from] Sandstorm\n|upkeep\n|\n|t:|1776255640\n|switch|p2a: big boss|Tyranitar-Mega, L50, M|100/100\n|turn|4\n|\n|t:|1776255652\n|move|p1a: Kingambit|Sucker Punch|p2b: trick choice scarf\n|-damage|p2b: trick choice scarf|0 fnt\n|faint|p2b: trick choice scarf\n|move|p1b: Floette|Moonblast|p2a: big boss\n|-supereffective|p2a: big boss|1\n|-damage|p2a: big boss|0 fnt\n|faint|p2a: big boss\n|\n|-weather|Sandstorm|[upkeep]\n|-damage|p1b: Floette|82/100|[from] Sandstorm\n|upkeep\n|-message|jacinthespuppy forfeited.\n|\n|win|Glaceon0404\n|raw|Glaceon0404's rating: 1325 &rarr; <strong>1345</strong><br />(+20 for winning)\n|raw|jacinthespuppy's rating: 1318 &rarr; <strong>1298</strong><br />(-20 for losing)\n|l|\u2606jacinthespuppy\n|player|p2|\n|l|\u2606Glaceon0404\n|player|p1|\n|j|\u2606Glaceon0404\n|player|p1|Glaceon0404|youngster-gen4dp|\n",
  "uploadtime": 1776255937,
  "views": 28,
  "formatid": "gen9championsvgc2026regma",
  "rating": 1298,
  "private": 0,
  "password": null
}