{
  "id": "gen9championsvgc2026regma-2588625027",
  "format": "[Gen 9 Champions] VGC 2026 Reg M-A",
  "players": [
    "lunartemis",
    "swannyszn"
  ],
  "log": "|j|\u2606lunartemis\n|j|\u2606swannyszn\n|t:|1776651299\n|gametype|doubles\n|player|p1|lunartemis|102|1042\n|player|p2|swannyszn|n|1056\n|gen|9\n|tier|[Gen 9 Champions] VGC 2026 Reg M-A\n|rated|\n|rule|Species Clause: Limit one of each Pok\u00e9mon\n|rule|Item Clause: Limit 1 of each item\n|clearpoke\n|poke|p1|Starmie, L50|\n|poke|p1|Tyranitar, L50, M, shiny|\n|poke|p1|Excadrill, L50, F|\n|poke|p1|Sneasler, L50, F|\n|poke|p1|Primarina, L50, F|\n|poke|p1|Aegislash, L50, M, shiny|\n|poke|p2|Farigiraf, L50, M, shiny|\n|poke|p2|Blastoise, L50, M|\n|poke|p2|Sinistcha-Masterpiece, L50|\n|poke|p2|Kingambit, L50, F|\n|poke|p2|Aerodactyl, L50, M|\n|poke|p2|Kangaskhan, L50, F|\n|teampreview|4\n|inactive|Battle timer is ON: inactive players will automatically lose when time's up. (requested by swannyszn)\n|\n|t:|1776651327\n|teamsize|p1|4\n|teamsize|p2|4\n|start\n|switch|p1a: Starmie|Starmie, L50|100/100\n|switch|p1b: Tyranitar|Tyranitar, L50, M, shiny|100/100\n|switch|p2a: Blastoise|Blastoise, L50, M|100/100\n|switch|p2b: Farigiraf|Farigiraf, L50, M, shiny|100/100\n|-weather|Sandstorm|[from] ability: Sand Stream|[of] p1b: Tyranitar\n|turn|1\n|\n|t:|1776651342\n|detailschange|p1a: Starmie|Starmie-Mega, L50\n|-mega|p1a: Starmie|Starmie|Starminite\n|move|p2a: Blastoise|Fake Out|p1b: Tyranitar\n|-resisted|p1b: Tyranitar|1\n|-damage|p1b: Tyranitar|98/100\n|move|p1a: Starmie|Skill Swap|p1b: Tyranitar\n|-activate|p1a: Starmie|Skill Swap|||[of] p1b: Tyranitar\n|cant|p1b: Tyranitar|flinch\n|move|p2b: Farigiraf|Trick Room|p2b: Farigiraf\n|-fieldstart|move: Trick Room|[of] p2b: Farigiraf\n|\n|-weather|Sandstorm|[upkeep]\n|-damage|p2b: Farigiraf|94/100|[from] Sandstorm\n|-damage|p2a: Blastoise|95/100|[from] Sandstorm\n|-damage|p1a: Starmie|95/100|[from] Sandstorm\n|upkeep\n|turn|2\n|\n|t:|1776651354\n|detailschange|p2a: Blastoise|Blastoise-Mega, L50, M\n|-mega|p2a: Blastoise|Blastoise|Blastoisinite\n|move|p1b: Tyranitar|Protect|p1b: Tyranitar\n|-singleturn|p1b: Tyranitar|Protect\n|move|p2b: Farigiraf|Rain Dance|p2b: Farigiraf\n|-weather|RainDance\n|move|p2a: Blastoise|Water Spout|p1a: Starmie|[spread] p1a\n|-activate|p1b: Tyranitar|move: Protect\n|-resisted|p1a: Starmie|1\n|-damage|p1a: Starmie|42/100\n|move|p1a: Starmie|Self-Destruct|p2a: Blastoise|[spread] p2a,p2b\n|-activate|p1b: Tyranitar|move: Protect\n|-damage|p2a: Blastoise|60/100\n|-damage|p2b: Farigiraf|58/100\n|faint|p1a: Starmie\n|\n|-weather|RainDance|[upkeep]\n|upkeep\n|\n|t:|1776651372\n|switch|p1a: Sneasler|Sneasler, L50, F|100/100\n|turn|3\n|\n|t:|1776651395\n|move|p2b: Farigiraf|Helping Hand|p2a: Blastoise\n|-singleturn|p2a: Blastoise|Helping Hand|[of] p2b: Farigiraf\n|move|p1a: Sneasler|Fake Out||[still]\n|cant|p2b: Farigiraf|ability: Armor Tail|Fake Out|[of] p1a: Sneasler\n|move|p1b: Tyranitar|Rock Slide|p2a: Blastoise|[spread] p2a,p2b\n|-damage|p2a: Blastoise|11/100\n|-damage|p2b: Farigiraf|3/100\n|-enditem|p2b: Farigiraf|Sitrus Berry|[eat]\n|-heal|p2b: Farigiraf|28/100|[from] item: Sitrus Berry\n|cant|p2a: Blastoise|flinch\n|\n|-weather|RainDance|[upkeep]\n|upkeep\n|turn|4\n|c|\u2606swannyszn|you're a fucking loser man\n|-message|swannyszn forfeited.\n|\n|win|lunartemis\n",
  "uploadtime": 1776651409,
  "views": 1,
  "formatid": "gen9championsvgc2026regma",
  "rating": null,
  "private": 0,
  "password": null
}