{
  "id": "gen9championsvgc2026regma-2583398215",
  "format": "[Gen 9 Champions] VGC 2026 Reg M-A",
  "players": [
    "noahguyvgc",
    "grotto22"
  ],
  "log": "|j|\u2606noahguyvgc\n|j|\u2606grotto22\n|t:|1776172927\n|gametype|doubles\n|player|p1|noahguyvgc|roxie|1070\n|player|p2|grotto22|li|1077\n|gen|9\n|tier|[Gen 9 Champions] VGC 2026 Reg M-A\n|rated|\n|rule|Species Clause: Limit one of each Pok\u00e9mon\n|rule|Item Clause: Limit 1 of each item\n|clearpoke\n|poke|p1|Aerodactyl, L50, M|\n|poke|p1|Sneasler, L50, M|\n|poke|p1|Tyranitar, L50, F|\n|poke|p1|Excadrill, L50, M|\n|poke|p1|Aggron, L50, F|\n|poke|p1|Sinistcha, L50|\n|poke|p2|Kangaskhan, L50, F|\n|poke|p2|Farigiraf, L50, M|\n|poke|p2|Torkoal, L50, F|\n|poke|p2|Aerodactyl, L50, F|\n|poke|p2|Sneasler, L50, F|\n|poke|p2|Dragapult, L50, M|\n|teampreview|4\n|inactive|Battle timer is ON: inactive players will automatically lose when time's up. (requested by noahguyvgc)\n|inactive|grotto22 has 60 seconds left.\n|\n|t:|1776172958\n|teamsize|p1|4\n|teamsize|p2|4\n|start\n|switch|p1a: Aerodactyl|Aerodactyl, L50, M|100/100\n|switch|p1b: Sneasler|Sneasler, L50, M|100/100\n|switch|p2a: Kangaskhan|Kangaskhan, L50, F|100/100\n|switch|p2b: Farigiraf|Farigiraf, L50, M|100/100\n|-ability|p1a: Aerodactyl|Unnerve\n|turn|1\n|\n|t:|1776172971\n|switch|p1a: Aggron|Aggron, L50, F|100/100\n|detailschange|p2a: Kangaskhan|Kangaskhan-Mega, L50, F\n|-mega|p2a: Kangaskhan|Kangaskhan|Kangaskhanite\n|move|p2a: Kangaskhan|Fake Out|p1a: Aggron\n|-resisted|p1a: Aggron|2\n|-damage|p1a: Aggron|98/100\n|-resisted|p1a: Aggron|2\n|-damage|p1a: Aggron|97/100\n|-hitcount|p1a: Aggron|2\n|move|p1b: Sneasler|Coaching|p1a: Aggron\n|-boost|p1a: Aggron|atk|1\n|-boost|p1a: Aggron|def|1\n|move|p2b: Farigiraf|Trick Room|p2b: Farigiraf\n|-fieldstart|move: Trick Room|[of] p2b: Farigiraf\n|\n|upkeep\n|turn|2\n|\n|t:|1776172995\n|detailschange|p1a: Aggron|Aggron-Mega, L50, F\n|-mega|p1a: Aggron|Aggron|Aggronite\n|move|p2b: Farigiraf|Helping Hand|p2a: Kangaskhan\n|-singleturn|p2a: Kangaskhan|Helping Hand|[of] p2b: Farigiraf\n|move|p1a: Aggron|Body Press|p2b: Farigiraf\n|-damage|p2b: Farigiraf|45/100\n|-enditem|p2b: Farigiraf|Sitrus Berry|[eat]\n|-heal|p2b: Farigiraf|70/100|[from] item: Sitrus Berry\n|move|p2a: Kangaskhan|Drain Punch|p1a: Aggron\n|-supereffective|p1a: Aggron|1\n|-damage|p1a: Aggron|79/100\n|-supereffective|p1a: Aggron|1\n|-damage|p1a: Aggron|74/100\n|-hitcount|p1a: Aggron|2\n|move|p1b: Sneasler|Close Combat|p2a: Kangaskhan\n|-supereffective|p2a: Kangaskhan|1\n|-damage|p2a: Kangaskhan|0 fnt\n|-unboost|p1b: Sneasler|def|1\n|-unboost|p1b: Sneasler|spd|1\n|faint|p2a: Kangaskhan\n|-enditem|p1b: Sneasler|White Herb\n|-clearnegativeboost|p1b: Sneasler|[silent]\n|\n|upkeep\n|\n|t:|1776173017\n|switch|p2a: Sneasler|Sneasler, L50, F|100/100\n|turn|3\n|\n|t:|1776173031\n|switch|p1b: Tyranitar|Tyranitar, L50, F|100/100\n|-weather|Sandstorm|[from] ability: Sand Stream|[of] p1b: Tyranitar\n|move|p1a: Aggron|Protect|p1a: Aggron\n|-singleturn|p1a: Aggron|Protect\n|move|p2a: Sneasler|Fake Out|p1a: Aggron\n|-activate|p1a: Aggron|move: Protect\n|move|p2b: Farigiraf|Psychic|p1b: Tyranitar\n|-immune|p1b: Tyranitar\n|\n|-weather|Sandstorm|[upkeep]\n|-damage|p2b: Farigiraf|63/100|[from] Sandstorm\n|-damage|p2a: Sneasler|95/100|[from] Sandstorm\n|upkeep\n|turn|4\n|-message|grotto22 forfeited.\n|\n|win|noahguyvgc\n|raw|noahguyvgc's rating: 1070 &rarr; <strong>1100</strong><br />(+30 for winning)\n|raw|grotto22's rating: 1077 &rarr; <strong>1055</strong><br />(-22 for losing)\n|l|\u2606grotto22\n|player|p2|\n",
  "uploadtime": 1776173043,
  "views": 20,
  "formatid": "gen9championsvgc2026regma",
  "rating": 1055,
  "private": 0,
  "password": null
}