{
  "id": "gen9championsvgc2026regma-2583657026",
  "format": "[Gen 9 Champions] VGC 2026 Reg M-A",
  "players": [
    "herecomestheaurora",
    "shin-tv07"
  ],
  "log": "|j|\u2606herecomestheaurora\n|j|\u2606shin-tv07\n|t:|1776189183\n|gametype|doubles\n|player|p1|herecomestheaurora|169|1081\n|player|p2|shin-tv07|twins-gen4dp|1114\n|gen|9\n|tier|[Gen 9 Champions] VGC 2026 Reg M-A\n|rated|\n|rule|Species Clause: Limit one of each Pok\u00e9mon\n|rule|Item Clause: Limit 1 of each item\n|clearpoke\n|poke|p1|Tinkaton, L50, F|\n|poke|p1|Milotic, L50, M|\n|poke|p1|Meganium, L50, M|\n|poke|p1|Pelipper, L50, M|\n|poke|p1|Gardevoir, L50, F|\n|poke|p1|Farigiraf, L50, M|\n|poke|p2|Tauros-Paldea-Aqua, L50, M|\n|poke|p2|Froslass, L50, F|\n|poke|p2|Whimsicott, L50, F|\n|poke|p2|Farigiraf, L50, F|\n|poke|p2|Palafin, L50, F|\n|poke|p2|Floette-Eternal, L50, F|\n|teampreview|4\nshin-tv07 rejected open team sheets.\n|\n|t:|1776189214\n|teamsize|p1|4\n|teamsize|p2|4\n|start\n|switch|p1a: Milotic|Milotic, L50, M|100/100\n|switch|p1b: Gardevoir|Gardevoir, L50, F, shiny|100/100\n|switch|p2a: Whimsicott|Whimsicott, L50, F|100/100\n|switch|p2b: Palafin|Palafin, L50, F|100/100\n|-ability|p1b: Gardevoir|Prankster|Trace|[from] ability: Trace|[of] p2a: Whimsicott\n|turn|1\n|-message|herecomestheaurora forfeited.\n|\n|win|shin-tv07\n|raw|herecomestheaurora's rating: 1081 &rarr; <strong>1061</strong><br />(-20 for losing)\n|raw|shin-tv07's rating: 1114 &rarr; <strong>1137</strong><br />(+23 for winning)\n|l|\u2606herecomestheaurora\n|player|p1|\n",
  "uploadtime": 1776189241,
  "views": 14,
  "formatid": "gen9championsvgc2026regma",
  "rating": 1061,
  "private": 0,
  "password": null
}