{
  "id": "gen9championsvgc2026regma-2583241442",
  "format": "[Gen 9 Champions] VGC 2026 Reg M-A",
  "players": [
    "ytkanata60",
    "h01z0n"
  ],
  "log": "|j|\u2606ytkanata60\n|j|\u2606h01z0n\n|t:|1776158555\n|gametype|doubles\n|player|p1|ytkanata60|yancy|1103\n|player|p2|h01z0n|bruno|1003\n|gen|9\n|tier|[Gen 9 Champions] VGC 2026 Reg M-A\n|rated|\n|rule|Species Clause: Limit one of each Pok\u00e9mon\n|rule|Item Clause: Limit 1 of each item\n|clearpoke\n|poke|p1|Hawlucha, L50, M|\n|poke|p1|Excadrill, L50, F|\n|poke|p1|Kingambit, L50, M|\n|poke|p1|Whimsicott, L50, F|\n|poke|p1|Weavile, L50, F|\n|poke|p1|Tyranitar, L50, F|\n|poke|p2|Froslass, L50, F|\n|poke|p2|Venusaur, L50, M|\n|poke|p2|Corviknight, L50, M|\n|poke|p2|Gyarados, L50, M|\n|poke|p2|Farigiraf, L50, F|\n|poke|p2|Krookodile, L50, M|\n|teampreview|4\n|\n|t:|1776158613\n|teamsize|p1|4\n|teamsize|p2|4\n|start\n|switch|p1a: El condor pasa|Hawlucha, L50, M|100/100\n|switch|p1b: Shuko windy|Excadrill, L50, F|100/100\n|switch|p2a: Farigiraf|Farigiraf, L50, F|100/100\n|switch|p2b: Froslass|Froslass, L50, F|100/100\n|-ability|p1b: Shuko windy|Mold Breaker\n|turn|1\n|\n|t:|1776158642\n|detailschange|p1a: El condor pasa|Hawlucha-Mega, L50, M\n|-mega|p1a: El condor pasa|Hawlucha|Hawluchanite\n|detailschange|p2b: Froslass|Froslass-Mega, L50, F\n|-mega|p2b: Froslass|Froslass|Froslassite\n|-weather|Snowscape|[from] ability: Snow Warning|[of] p2b: Froslass\n|move|p1a: El condor pasa|Entrainment|p1b: Shuko windy\n|-ability|p1b: Shuko windy|No Guard|Mold Breaker|[from] move: Entrainment|[of] p1a: El condor pasa\n|move|p1b: Shuko windy|Fissure|p2a: Farigiraf\n|-damage|p2a: Farigiraf|0 fnt\n|faint|p2a: Farigiraf\n|-ohko\n|move|p2b: Froslass|Blizzard|p1a: El condor pasa|[spread] p1a,p1b\n|-supereffective|p1a: El condor pasa|1\n|-damage|p1a: El condor pasa|0 fnt\n|-damage|p1b: Shuko windy|40/100\n|faint|p1a: El condor pasa\n|\n|-weather|Snowscape|[upkeep]\n|upkeep\n|\n|t:|1776158663\n|switch|p1a: Oguri Cap|Tyranitar, L50, F|100/100\n|switch|p2a: Gyarados|Gyarados, L50, M, shiny|100/100\n|-ability|p2a: Gyarados|Intimidate|boost\n|-unboost|p1a: Oguri Cap|atk|1\n|-unboost|p1b: Shuko windy|atk|1\n|-weather|Sandstorm|[from] ability: Sand Stream|[of] p1a: Oguri Cap\n|turn|2\n|\n|t:|1776158690\n|move|p2b: Froslass|Protect|p2b: Froslass\n|-singleturn|p2b: Froslass|Protect\n|move|p1b: Shuko windy|Horn Drill|p2a: Gyarados\n|-damage|p2a: Gyarados|0 fnt\n|faint|p2a: Gyarados\n|-ohko\n|move|p1a: Oguri Cap|Rock Slide|p2b: Froslass\n|-activate|p2b: Froslass|move: Protect\n|\n|-weather|Sandstorm|[upkeep]\n|-damage|p2b: Froslass|94/100|[from] Sandstorm\n|upkeep\n|\n|t:|1776158700\n|switch|p2a: Krookodile|Krookodile, L50, M|100/100\n|turn|3\n|\n|t:|1776158722\n|move|p1b: Shuko windy|Fissure|p2b: Froslass\n|-damage|p2b: Froslass|0 fnt\n|faint|p2b: Froslass\n|-ohko\n|move|p2a: Krookodile|High Horsepower|p1b: Shuko windy\n|-supereffective|p1b: Shuko windy|1\n|-damage|p1b: Shuko windy|0 fnt\n|faint|p1b: Shuko windy\n|move|p1a: Oguri Cap|Low Kick|p2a: Krookodile\n|-supereffective|p2a: Krookodile|1\n|-damage|p2a: Krookodile|62/100\n|\n|-weather|Sandstorm|[upkeep]\n|upkeep\n|\n|t:|1776158733\n|switch|p1b: Symboli Rudolf|Kingambit, L50, M|100/100\n|turn|4\n|\n|t:|1776158749\n|move|p1b: Symboli Rudolf|Sucker Punch|p2a: Krookodile\n|-resisted|p2a: Krookodile|1\n|-damage|p2a: Krookodile|39/100\n|move|p2a: Krookodile|Rock Slide|p1a: Oguri Cap|[spread] p1a,p1b\n|-resisted|p1b: Symboli Rudolf|1\n|-damage|p1a: Oguri Cap|86/100\n|-damage|p1b: Symboli Rudolf|92/100\n|move|p1a: Oguri Cap|Low Kick|p2a: Krookodile\n|-supereffective|p2a: Krookodile|1\n|-damage|p2a: Krookodile|0 fnt\n|faint|p2a: Krookodile\n|\n|win|ytkanata60\n|raw|ytkanata60's rating: 1103 &rarr; <strong>1121</strong><br />(+18 for winning)\n|raw|h01z0n's rating: 1003 &rarr; <strong>1000</strong><br />(-3 for losing)\n|l|\u2606h01z0n\n|player|p2|\n",
  "uploadtime": 1776158790,
  "views": 23,
  "formatid": "gen9championsvgc2026regma",
  "rating": 1000,
  "private": 0,
  "password": null
}