{
  "id": "gen9championsvgc2026regma-2583499615",
  "format": "[Gen 9 Champions] VGC 2026 Reg M-A",
  "players": [
    "Hero no more",
    "heroplayer2026"
  ],
  "log": "|j|\u2606Hero no more\n|j|\u2606heroplayer2026\n|t:|1776179545\n|gametype|doubles\n|player|p1|Hero no more|winona|1000\n|player|p2|heroplayer2026|fisherman-gen4|1044\n|gen|9\n|tier|[Gen 9 Champions] VGC 2026 Reg M-A\n|rated|\n|rule|Species Clause: Limit one of each Pok\u00e9mon\n|rule|Item Clause: Limit 1 of each item\n|clearpoke\n|poke|p1|Starmie, L50|\n|poke|p1|Meowstic, L50, M|\n|poke|p1|Talonflame, L50, F|\n|poke|p1|Scizor, L50, F|\n|poke|p1|Incineroar, L50, M|\n|poke|p1|Decidueye-Hisui, L50, M|\n|poke|p2|Torkoal, L50, M|\n|poke|p2|Incineroar, L50, M|\n|poke|p2|Farigiraf, L50, F|\n|poke|p2|Golurk, L50|\n|poke|p2|Conkeldurr, L50, M|\n|poke|p2|Garchomp, L50, F|\n|teampreview|4\n|inactive|Battle timer is ON: inactive players will automatically lose when time's up. (requested by Hero no more)\n|inactive|Hero no more has 60 seconds left.\n|\n|t:|1776179584\n|teamsize|p1|4\n|teamsize|p2|4\n|start\n|switch|p1a: Decidueye|Decidueye-Hisui, L50, M|100/100\n|switch|p1b: Meowstic|Meowstic, L50, M|100/100\n|switch|p2a: Farigiraf|Farigiraf, L50, F|100/100\n|switch|p2b: Incineroar|Incineroar, L50, M|100/100\n|-ability|p2b: Incineroar|Intimidate|boost\n|-fail|p1a: Decidueye|unboost|Attack|[from] ability: Scrappy|[of] p1a: Decidueye\n|-unboost|p1b: Meowstic|atk|1\n|turn|1\n|inactive|Hero no more has 30 seconds left.\n|\n|t:|1776179614\n|move|p1b: Meowstic|Psychic Terrain|p1b: Meowstic\n|-fieldstart|move: Psychic Terrain\n|move|p1a: Decidueye|Swords Dance|p1a: Decidueye\n|-boost|p1a: Decidueye|atk|2\n|move|p2b: Incineroar|Flare Blitz|p1a: Decidueye\n|-supereffective|p1a: Decidueye|1\n|-damage|p1a: Decidueye|0 fnt\n|faint|p1a: Decidueye\n|-damage|p2b: Incineroar|71/100|[from] Recoil\n|move|p2a: Farigiraf|Trick Room|p2a: Farigiraf\n|-fieldstart|move: Trick Room|[of] p2a: Farigiraf\n|\n|upkeep\n|\n|t:|1776179634\n|switch|p1a: Incineroar|Incineroar, L50, M|100/100\n|-ability|p1a: Incineroar|Intimidate|boost\n|-unboost|p2a: Farigiraf|atk|1\n|-unboost|p2b: Incineroar|atk|1\n|turn|2\n|\n|t:|1776179648\n|move|p2a: Farigiraf|Helping Hand|p2b: Incineroar\n|-singleturn|p2b: Incineroar|Helping Hand|[of] p2a: Farigiraf\n|move|p2b: Incineroar|Flare Blitz|p1b: Meowstic\n|-damage|p1b: Meowstic|52/100\n|-damage|p2b: Incineroar|57/100|[from] Recoil\n|move|p1a: Incineroar|Parting Shot|p2a: Farigiraf\n|-unboost|p2a: Farigiraf|atk|1\n|-unboost|p2a: Farigiraf|spa|1\n|\n|t:|1776179657\n|switch|p1a: Starmie|Starmie, L50|100/100|[from] Parting Shot\n|move|p1b: Meowstic|Trick Room|p1b: Meowstic\n|-fieldend|move: Trick Room\n|\n|upkeep\n|turn|3\n|\n|t:|1776179669\n|detailschange|p1a: Starmie|Starmie-Mega, L50\n|-mega|p1a: Starmie|Starmie|Starminite\n|move|p1b: Meowstic|Helping Hand|p1a: Starmie\n|-singleturn|p1a: Starmie|Helping Hand|[of] p1b: Meowstic\n|move|p1a: Starmie|Dazzling Gleam|p2a: Farigiraf|[spread] p2a,p2b\n|-crit|p2b: Incineroar\n|-damage|p2a: Farigiraf|67/100\n|-damage|p2b: Incineroar|15/100\n|-enditem|p2b: Incineroar|Sitrus Berry|[eat]\n|-heal|p2b: Incineroar|40/100|[from] item: Sitrus Berry\n|move|p2b: Incineroar|Will-O-Wisp|p1a: Starmie\n|-status|p1a: Starmie|brn\n|move|p2a: Farigiraf|Hyper Voice|p1a: Starmie|[spread] p1a,p1b\n|-damage|p1a: Starmie|76/100 brn\n|-damage|p1b: Meowstic|30/100\n|\n|-damage|p1a: Starmie|70/100 brn|[from] brn\n|upkeep\n|turn|4\n|inactive|Hero no more has 30 seconds left.\n|inactive|heroplayer2026 has 30 seconds left.\n|inactive|heroplayer2026 has 20 seconds left.\n|\n|t:|1776179705\n|move|p1b: Meowstic|Helping Hand|p1a: Starmie\n|-singleturn|p1a: Starmie|Helping Hand|[of] p1b: Meowstic\n|move|p1a: Starmie|Dazzling Gleam|p2a: Farigiraf|[spread] p2a,p2b\n|-damage|p2a: Farigiraf|36/100\n|-damage|p2b: Incineroar|12/100\n|move|p2b: Incineroar|Flare Blitz|p1b: Meowstic\n|-damage|p1b: Meowstic|0 fnt\n|faint|p1b: Meowstic\n|-damage|p2b: Incineroar|3/100|[from] Recoil\n|move|p2a: Farigiraf|Trick Room|p2a: Farigiraf\n|-fieldstart|move: Trick Room|[of] p2a: Farigiraf\n|\n|-damage|p1a: Starmie|64/100 brn|[from] brn\n|upkeep\n|-message|Hero no more forfeited.\n|\n|win|heroplayer2026\n|raw|Hero no more's rating: 1000 &rarr; <strong>1000</strong><br />(+0 for losing)\n|raw|heroplayer2026's rating: 1044 &rarr; <strong>1073</strong><br />(+29 for winning)\n|l|\u2606Hero no more\n|player|p1|\n",
  "uploadtime": 1776179715,
  "views": 13,
  "formatid": "gen9championsvgc2026regma",
  "rating": 1000,
  "private": 0,
  "password": null
}