{
  "id": "gen9championsvgc2026regma-2584842194",
  "format": "[Gen 9 Champions] VGC 2026 Reg M-A",
  "players": [
    "campeondelfitness",
    "ronalzx"
  ],
  "log": "|j|\u2606campeondelfitness\n|j|\u2606ronalzx\n|t:|1776287899\n|gametype|doubles\n|player|p1|campeondelfitness|swimmer|1134\n|player|p2|ronalzx|1|1081\n|gen|9\n|tier|[Gen 9 Champions] VGC 2026 Reg M-A\n|rated|\n|rule|Species Clause: Limit one of each Pok\u00e9mon\n|rule|Item Clause: Limit 1 of each item\n|clearpoke\n|poke|p1|Tyranitar, L50, M|\n|poke|p1|Excadrill, L50, F|\n|poke|p1|Garchomp, L50, M|\n|poke|p1|Heliolisk, L50, F|\n|poke|p1|Rotom-Heat, L50|\n|poke|p1|Orthworm, L50, F|\n|poke|p2|Floette-Eternal, L50, F|\n|poke|p2|Aegislash, L50, M|\n|poke|p2|Talonflame, L50, M|\n|poke|p2|Incineroar, L50, M|\n|poke|p2|Garchomp, L50, F|\n|poke|p2|Rotom-Wash, L50|\n|teampreview|4\n|inactive|Battle timer is ON: inactive players will automatically lose when time's up. (requested by campeondelfitness)\n|inactive|campeondelfitness has 60 seconds left.\n|\n|t:|1776287946\n|teamsize|p1|4\n|teamsize|p2|4\n|start\n|switch|p1a: Orthworm|Orthworm, L50, F|100/100\n|switch|p1b: Heliolisk|Heliolisk, L50, F|100/100\n|switch|p2a: Incineroar|Incineroar, L50, M|100/100\n|switch|p2b: Rotom|Rotom-Wash, L50|100/100\n|-ability|p2a: Incineroar|Intimidate|boost\n|-unboost|p1a: Orthworm|atk|1\n|-unboost|p1b: Heliolisk|atk|1\n|turn|1\n|inactive|campeondelfitness has 30 seconds left.\n|inactive|ronalzx has 30 seconds left.\n|\n|t:|1776287977\n|move|p1b: Heliolisk|Shed Tail|p1b: Heliolisk\n|-start|p1b: Heliolisk|Substitute|[from] move: Shed Tail\n|-damage|p1b: Heliolisk|50/100\n|\n|t:|1776287988\n|switch|p1b: Tyranitar|Tyranitar, L50, M|100/100|[from] Shed Tail\n|-weather|Sandstorm|[from] ability: Sand Stream|[of] p1b: Tyranitar\n|move|p2b: Rotom|Hydro Pump|p1b: Tyranitar\n|-supereffective|p1b: Tyranitar|1\n|-end|p1b: Tyranitar|Substitute\n|move|p1a: Orthworm|Shed Tail|p1a: Orthworm\n|-start|p1a: Orthworm|Substitute|[from] move: Shed Tail\n|-damage|p1a: Orthworm|50/100\n|\n|t:|1776287998\n|switch|p1a: Garchomp|Garchomp, L50, M|100/100|[from] Shed Tail\n|move|p2a: Incineroar|Flare Blitz|p1a: Garchomp\n|-resisted|p1a: Garchomp|1\n|-activate|p1a: Garchomp|move: Substitute|[damage]\n|-damage|p2a: Incineroar|94/100|[from] Recoil|[of] p1a: Garchomp\n|\n|-weather|Sandstorm|[upkeep]\n|-damage|p2b: Rotom|95/100|[from] Sandstorm\n|-damage|p2a: Incineroar|88/100|[from] Sandstorm\n|-heal|p2a: Incineroar|94/100|[from] item: Leftovers\n|upkeep\n|turn|2\n|\n|t:|1776288017\n|detailschange|p1a: Garchomp|Garchomp-Mega, L50, M\n|-mega|p1a: Garchomp|Garchomp|Garchompite\n|move|p1b: Tyranitar|Protect|p1b: Tyranitar\n|-singleturn|p1b: Tyranitar|Protect\n|move|p1a: Garchomp|Swords Dance|p1a: Garchomp\n|-boost|p1a: Garchomp|atk|2\n|move|p2b: Rotom|Hydro Pump|p1b: Tyranitar\n|-activate|p1b: Tyranitar|move: Protect\n|move|p2a: Incineroar|Parting Shot|p1a: Garchomp\n|-unboost|p1a: Garchomp|atk|1\n|-unboost|p1a: Garchomp|spa|1\n|\n|t:|1776288026\n|switch|p2a: Floette|Floette-Eternal, L50, F|100/100|[from] Parting Shot\n|\n|-weather|Sandstorm|[upkeep]\n|-damage|p2b: Rotom|89/100|[from] Sandstorm\n|-damage|p2a: Floette|94/100|[from] Sandstorm\n|upkeep\n|turn|3\n|\n|t:|1776288045\n|detailschange|p2a: Floette|Floette-Mega, L50, F\n|-mega|p2a: Floette|Floette|Floettite\n|-ability|p2a: Floette|Fairy Aura\n|move|p1b: Tyranitar|Helping Hand|p1a: Garchomp\n|-singleturn|p1a: Garchomp|Helping Hand|[of] p1b: Tyranitar\n|move|p1a: Garchomp|Dragon Claw|p2b: Rotom\n|-damage|p2b: Rotom|0 fnt\n|faint|p2b: Rotom\n|move|p2a: Floette|Calm Mind|p2a: Floette\n|-boost|p2a: Floette|spa|1\n|-boost|p2a: Floette|spd|1\n|\n|-weather|Sandstorm|[upkeep]\n|-damage|p2a: Floette|88/100|[from] Sandstorm\n|upkeep\n|\n|t:|1776288058\n|switch|p2b: Incineroar|Incineroar, L50, M|94/100\n|-ability|p2b: Incineroar|Intimidate|boost\n|-immune|p1a: Garchomp\n|-unboost|p1b: Tyranitar|atk|1\n|turn|4\n|\n|t:|1776288074\n|switch|p1b: Orthworm|Orthworm, L50, F|50/100\n|move|p1a: Garchomp|Earthquake|p2b: Incineroar|[spread] p2a,p2b\n|-heal|p1b: Orthworm|75/100|[from] ability: Earth Eater|[of] p1a: Garchomp\n|-supereffective|p2b: Incineroar|1\n|-damage|p2a: Floette|6/100\n|-damage|p2b: Incineroar|0 fnt\n|faint|p2b: Incineroar\n|move|p2a: Floette|Dazzling Gleam|p1a: Garchomp|[spread] p1a,p1b\n|-supereffective|p1a: Garchomp|1\n|-end|p1a: Garchomp|Substitute\n|-resisted|p1b: Orthworm|1\n|-damage|p1b: Orthworm|16/100\n|\n|-weather|Sandstorm|[upkeep]\n|-damage|p2a: Floette|0 fnt|[from] Sandstorm\n|faint|p2a: Floette\n|-heal|p1b: Orthworm|23/100|[from] item: Leftovers\n|upkeep\n|-message|ronalzx forfeited.\n|\n|win|campeondelfitness\n|raw|campeondelfitness's rating: 1134 &rarr; <strong>1155</strong><br />(+21 for winning)\n|raw|ronalzx's rating: 1081 &rarr; <strong>1062</strong><br />(-19 for losing)\n|l|\u2606ronalzx\n|player|p2|\n",
  "uploadtime": 1776288092,
  "views": 29,
  "formatid": "gen9championsvgc2026regma",
  "rating": 1062,
  "private": 0,
  "password": null
}