{
  "id": "gen9championsvgc2026regma-2588681577",
  "format": "[Gen 9 Champions] VGC 2026 Reg M-A",
  "players": [
    "Blueberrybolt1",
    "GojiraFanBoy"
  ],
  "log": "|j|\u2606Blueberrybolt1\n|j|\u2606GojiraFanBoy\n|t:|1776657148\n|gametype|doubles\n|player|p1|Blueberrybolt1|266|1245\n|player|p2|GojiraFanBoy|169|1330\n|gen|9\n|tier|[Gen 9 Champions] VGC 2026 Reg M-A\n|rated|\n|rule|Species Clause: Limit one of each Pok\u00e9mon\n|rule|Item Clause: Limit 1 of each item\n|clearpoke\n|poke|p1|Hydreigon, L50, F, shiny|\n|poke|p1|Sinistcha-Masterpiece, L50|\n|poke|p1|Tyranitar, L50, M|\n|poke|p1|Excadrill, L50, F, shiny|\n|poke|p1|Whimsicott, L50, M|\n|poke|p1|Charizard, L50, M, shiny|\n|poke|p2|Charizard, L50, M|\n|poke|p2|Kingambit, L50, F|\n|poke|p2|Rotom-Wash, L50|\n|poke|p2|Sinistcha, L50|\n|poke|p2|Sneasler, L50, M|\n|poke|p2|Ninetales-Alola, L50, F|\n|teampreview|4\n|\n|t:|1776657182\n|teamsize|p1|4\n|teamsize|p2|4\n|start\n|switch|p1a: Charizard|Charizard, L50, M, shiny|100/100\n|switch|p1b: Whimsicott|Whimsicott, L50, M|100/100\n|switch|p2a: Rotom|Rotom-Wash, L50|100/100\n|switch|p2b: Sinistcha|Sinistcha, L50|100/100\n|turn|1\n|\n|t:|1776657200\n|switch|p2b: Charizard|Charizard, L50, M|100/100\n|detailschange|p1a: Charizard|Charizard-Mega-Y, L50, M, shiny\n|-mega|p1a: Charizard|Charizard|Charizardite Y\n|-weather|SunnyDay|[from] ability: Drought|[of] p1a: Charizard\n|move|p1b: Whimsicott|Tailwind|p1b: Whimsicott\n|-sidestart|p1: Blueberrybolt1|move: Tailwind\n|move|p1a: Charizard|Heat Wave|p2b: Charizard|[spread] p2a,p2b\n|-resisted|p2a: Rotom|1\n|-resisted|p2b: Charizard|1\n|-damage|p2a: Rotom|75/100\n|-damage|p2b: Charizard|65/100\n|-status|p2a: Rotom|brn\n|move|p2a: Rotom|Thunderbolt|p1a: Charizard\n|-supereffective|p1a: Charizard|1\n|-damage|p1a: Charizard|30/100\n|\n|-weather|SunnyDay|[upkeep]\n|-damage|p2a: Rotom|69/100 brn|[from] brn\n|upkeep\n|turn|2\n|inactive|Battle timer is ON: inactive players will automatically lose when time's up. (requested by GojiraFanBoy)\n|\n|t:|1776657231\n|switch|p1b: Tyranitar|Tyranitar, L50, M|100/100\n|-weather|Sandstorm|[from] ability: Sand Stream|[of] p1b: Tyranitar\n|detailschange|p2b: Charizard|Charizard-Mega-X, L50, M\n|-mega|p2b: Charizard|Charizard|Charizardite X\n|move|p1a: Charizard|Weather Ball|p2b: Charizard\n|-supereffective|p2b: Charizard|1\n|-damage|p2b: Charizard|0 fnt\n|faint|p2b: Charizard\n|move|p2a: Rotom|Volt Switch|p1b: Tyranitar\n|-crit|p1b: Tyranitar\n|-damage|p1b: Tyranitar|84/100\n|-message|GojiraFanBoy forfeited.\n|\n|win|Blueberrybolt1\n|raw|Blueberrybolt1's rating: 1245 &rarr; <strong>1276</strong><br />(+31 for winning)\n|raw|GojiraFanBoy's rating: 1330 &rarr; <strong>1305</strong><br />(-25 for losing)\n|l|\u2606GojiraFanBoy\n|player|p2|\n",
  "uploadtime": 1776657258,
  "views": 8,
  "formatid": "gen9championsvgc2026regma",
  "rating": 1276,
  "private": 0,
  "password": null
}