{
  "id": "gen9championsvgc2026regma-2583925871",
  "format": "[Gen 9 Champions] VGC 2026 Reg M-A",
  "players": [
    "lino14",
    "chuckie2274"
  ],
  "log": "|j|\u2606lino14\n|j|\u2606chuckie2274\n|t:|1776208892\n|gametype|doubles\n|player|p1|lino14|norman|1043\n|player|p2|chuckie2274|102|1130\n|gen|9\n|tier|[Gen 9 Champions] VGC 2026 Reg M-A\n|rated|\n|rule|Species Clause: Limit one of each Pok\u00e9mon\n|rule|Item Clause: Limit 1 of each item\n|clearpoke\n|poke|p1|Pelipper, L50, M|\n|poke|p1|Whimsicott, L50, F|\n|poke|p1|Ninetales, L50, F|\n|poke|p1|Basculegion, L50, M|\n|poke|p1|Heracross, L50, M|\n|poke|p1|Arcanine-Hisui, L50, M|\n|poke|p2|Archaludon, L50, M|\n|poke|p2|Weavile, L50, M|\n|poke|p2|Aerodactyl, L50, F|\n|poke|p2|Gliscor, L50, M|\n|poke|p2|Medicham, L50, M|\n|poke|p2|Hydreigon, L50, F|\n|teampreview|4\n|inactive|Battle timer is ON: inactive players will automatically lose when time's up. (requested by lino14)\n|inactive|lino14 has 60 seconds left.\n|\n|t:|1776208934\n|teamsize|p1|4\n|teamsize|p2|4\n|start\n|switch|p1a: Whimsicott|Whimsicott, L50, F, shiny|100/100\n|switch|p1b: Pelipper|Pelipper, L50, M|100/100\n|switch|p2a: Aerodactyl|Aerodactyl, L50, F|100/100\n|switch|p2b: Archaludon|Archaludon, L50, M|100/100\n|-ability|p2a: Aerodactyl|Unnerve\n|-weather|RainDance|[from] ability: Drizzle|[of] p1b: Pelipper\n|turn|1\n|inactive|lino14 has 30 seconds left.\n|inactive|chuckie2274 has 30 seconds left.\n|\n|t:|1776208969\n|move|p1a: Whimsicott|Tailwind|p1a: Whimsicott\n|-sidestart|p1: lino14|move: Tailwind\n|move|p1b: Pelipper|U-turn|p2a: Aerodactyl\n|-resisted|p2a: Aerodactyl|1\n|-crit|p2a: Aerodactyl\n|-damage|p2a: Aerodactyl|90/100\n|inactive|lino14 has 30 seconds left.\n|\n|t:|1776208996\n|switch|p1b: Basculegion|Basculegion, L50, M|100/100|[from] U-turn\n|move|p2a: Aerodactyl|Tailwind|p2a: Aerodactyl\n|-sidestart|p2: chuckie2274|move: Tailwind\n|move|p2b: Archaludon|Iron Defense|p2b: Archaludon\n|-boost|p2b: Archaludon|def|2\n|\n|-weather|RainDance|[upkeep]\n|upkeep\n|turn|2\n|\n|t:|1776209014\n|move|p1a: Whimsicott|Encore|p2b: Archaludon\n|-start|p2b: Archaludon|Encore\n|move|p1b: Basculegion|Wave Crash|p2a: Aerodactyl\n|-supereffective|p2a: Aerodactyl|1\n|-damage|p2a: Aerodactyl|0 fnt\n|faint|p2a: Aerodactyl\n|-damage|p1b: Basculegion|77/100|[from] Recoil\n|move|p2b: Archaludon|Iron Defense|p2b: Archaludon\n|-boost|p2b: Archaludon|def|2\n|\n|-weather|RainDance|[upkeep]\n|upkeep\n|inactive|chuckie2274 has 30 seconds left.\n|inactive|chuckie2274 has 20 seconds left.\n|inactive|chuckie2274 has 15 seconds left.\n|\n|t:|1776209055\n|switch|p2a: Medicham|Medicham, L50, M|100/100\n|turn|3\n|inactive|chuckie2274 has 30 seconds left.\n|inactive|chuckie2274 has 20 seconds left.\n|\n|t:|1776209101\n|detailschange|p2a: Medicham|Medicham-Mega, L50, M\n|-mega|p2a: Medicham|Medicham|Medichamite\n|move|p1a: Whimsicott|Taunt|p2b: Archaludon\n|-start|p2b: Archaludon|move: Taunt\n|move|p1b: Basculegion|Wave Crash|p2a: Medicham\n|-damage|p2a: Medicham|0 fnt\n|faint|p2a: Medicham\n|-damage|p1b: Basculegion|54/100|[from] Recoil\n|cant|p2b: Archaludon|move: Taunt|Iron Defense\n|\n|-weather|RainDance|[upkeep]\n|upkeep\n|\n|t:|1776209110\n|switch|p2a: Hydreigon|Hydreigon, L50, F|100/100\n|turn|4\n|\n|t:|1776209127\n|move|p1b: Basculegion|Wave Crash|p2a: Hydreigon\n|-resisted|p2a: Hydreigon|1\n|-damage|p2a: Hydreigon|34/100\n|-damage|p1b: Basculegion|36/100|[from] Recoil\n|move|p2a: Hydreigon|Dark Pulse|p1b: Basculegion\n|-supereffective|p1b: Basculegion|1\n|-damage|p1b: Basculegion|0 fnt\n|faint|p1b: Basculegion\n|move|p1a: Whimsicott|Moonblast|p2a: Hydreigon\n|-supereffective|p2a: Hydreigon|2\n|-damage|p2a: Hydreigon|0 fnt\n|faint|p2a: Hydreigon\n|-activate|p2b: Archaludon|move: Struggle\n|move|p2b: Archaludon|Struggle|p1a: Whimsicott\n|-damage|p1a: Whimsicott|90/100\n|-damage|p2b: Archaludon|75/100|[from] recoil\n|\n|-weather|RainDance|[upkeep]\n|-heal|p2b: Archaludon|82/100|[from] item: Leftovers\n|-end|p2b: Archaludon|Encore\n|-sideend|p2: chuckie2274|move: Tailwind\n|-sideend|p1: lino14|move: Tailwind\n|upkeep\n|-message|chuckie2274 forfeited.\n|\n|win|lino14\n|raw|lino14's rating: 1043 &rarr; <strong>1085</strong><br />(+42 for winning)\n|raw|chuckie2274's rating: 1130 &rarr; <strong>1099</strong><br />(-31 for losing)\n|l|\u2606chuckie2274\n|player|p2|\n",
  "uploadtime": 1776209150,
  "views": 18,
  "formatid": "gen9championsvgc2026regma",
  "rating": 1085,
  "private": 0,
  "password": null
}