{
  "id": "gen9championsvgc2026regma-2585265200",
  "format": "[Gen 9 Champions] VGC 2026 Reg M-A",
  "players": [
    "BaddGyal",
    "loklastaji"
  ],
  "log": "|j|\u2606BaddGyal\n|j|\u2606loklastaji\n|t:|1776331632\n|gametype|doubles\n|player|p1|BaddGyal|battlegirl-gen4|1039\n|player|p2|loklastaji|102|1111\n|gen|9\n|tier|[Gen 9 Champions] VGC 2026 Reg M-A\n|rated|\n|rule|Species Clause: Limit one of each Pok\u00e9mon\n|rule|Item Clause: Limit 1 of each item\n|clearpoke\n|poke|p1|Scizor, L50, F|\n|poke|p1|Incineroar, L50, M|\n|poke|p1|Kommo-o, L50, F|\n|poke|p1|Basculegion, L50, M|\n|poke|p1|Sneasler, L50, F|\n|poke|p1|Ninetales-Alola, L50, M|\n|poke|p2|Samurott-Hisui, L50, F|\n|poke|p2|Delphox, L50, F|\n|poke|p2|Tinkaton, L50, F|\n|poke|p2|Decidueye-Hisui, L50, M|\n|poke|p2|Dragonite, L50, F|\n|poke|p2|Farigiraf, L50, F|\n|teampreview|4\n|\n|t:|1776331673\n|teamsize|p1|4\n|teamsize|p2|4\n|start\n|switch|p1a: Sneasler|Sneasler, L50, F|100/100\n|switch|p1b: Kommo-o|Kommo-o, L50, F|100/100\n|switch|p2a: Dragonite|Dragonite, L50, F|100/100\n|switch|p2b: Farigiraf|Farigiraf, L50, F|100/100\n|turn|1\n|\n|t:|1776331699\n|move|p1a: Sneasler|Fake Out||[still]\n|cant|p2b: Farigiraf|ability: Armor Tail|Fake Out|[of] p1a: Sneasler\n|move|p1b: Kommo-o|Clangorous Soul|p1b: Kommo-o\n|-boost|p1b: Kommo-o|atk|1\n|-boost|p1b: Kommo-o|def|1\n|-boost|p1b: Kommo-o|spa|1\n|-boost|p1b: Kommo-o|spd|1\n|-boost|p1b: Kommo-o|spe|1\n|-damage|p1b: Kommo-o|68/100\n|move|p2a: Dragonite|Tailwind|p2a: Dragonite\n|-sidestart|p2: loklastaji|move: Tailwind\n|move|p2b: Farigiraf|Psychic Terrain|p2b: Farigiraf\n|-fieldstart|move: Psychic Terrain\n|\n|-heal|p1b: Kommo-o|74/100|[from] item: Leftovers\n|upkeep\n|turn|2\n|inactive|Battle timer is ON: inactive players will automatically lose when time's up. (requested by loklastaji)\n|\n|t:|1776331755\n|switch|p1a: Basculegion|Basculegion, L50, M|100/100\n|move|p2a: Dragonite|Protect|p2a: Dragonite\n|-singleturn|p2a: Dragonite|Protect\n|move|p1b: Kommo-o|Protect|p1b: Kommo-o\n|-singleturn|p1b: Kommo-o|Protect\n|move|p2b: Farigiraf|Expanding Force|p1b: Kommo-o|[spread] p1a\n|-activate|p1b: Kommo-o|move: Protect\n|-damage|p1a: Basculegion|37/100\n|\n|-heal|p1b: Kommo-o|79/100|[from] item: Leftovers\n|upkeep\n|turn|3\n|inactive|BaddGyal has 30 seconds left.\n|inactive|loklastaji has 30 seconds left.\n|\n|t:|1776331786\n|switch|p1b: Ninetales|Ninetales-Alola, L50, M|100/100\n|-weather|Snowscape|[from] ability: Snow Warning|[of] p1b: Ninetales\n|detailschange|p2a: Dragonite|Dragonite-Mega, L50, F\n|-mega|p2a: Dragonite|Dragonite|Dragoninite\n|move|p2a: Dragonite|Air Slash|p1a: Basculegion\n|-damage|p1a: Basculegion|0 fnt\n|faint|p1a: Basculegion\n|move|p2b: Farigiraf|Expanding Force|p1b: Ninetales\n|-damage|p1b: Ninetales|4/100\n|\n|-weather|Snowscape|[upkeep]\n|upkeep\n|\n|t:|1776331796\n|switch|p1a: Sneasler|Sneasler, L50, F|100/100\n|turn|4\n|\n|t:|1776331814\n|switch|p2a: Delphox|Delphox, L50, F|100/100\n|move|p1a: Sneasler|Close Combat|p2b: Farigiraf\n|-damage|p2b: Farigiraf|37/100\n|-unboost|p1a: Sneasler|def|1\n|-unboost|p1a: Sneasler|spd|1\n|-enditem|p1a: Sneasler|White Herb\n|-clearnegativeboost|p1a: Sneasler|[silent]\n|move|p1b: Ninetales|Blizzard|p2a: Delphox|[spread] p2a,p2b\n|-resisted|p2a: Delphox|1\n|-damage|p2a: Delphox|82/100\n|-damage|p2b: Farigiraf|5/100\n|move|p2b: Farigiraf|Expanding Force|p1a: Sneasler|[spread] p1a,p1b\n|-supereffective|p1a: Sneasler|2\n|-crit|p1b: Ninetales\n|-damage|p1a: Sneasler|0 fnt\n|-damage|p1b: Ninetales|0 fnt\n|faint|p1a: Sneasler\n|faint|p1b: Ninetales\n|\n|-weather|Snowscape|[upkeep]\n|-sideend|p2: loklastaji|move: Tailwind\n|upkeep\n|-message|BaddGyal forfeited.\n|\n|win|loklastaji\n|raw|BaddGyal's rating: 1039 &rarr; <strong>1025</strong><br />(-14 for losing)\n|raw|loklastaji's rating: 1088 &rarr; <strong>1111</strong><br />(+23 for winning)\n|l|\u2606BaddGyal\n|player|p1|\n",
  "uploadtime": 1776331834,
  "views": 20,
  "formatid": "gen9championsvgc2026regma",
  "rating": 1025,
  "private": 0,
  "password": null
}