{
  "id": "gen9championsvgc2026regma-2582776507",
  "format": "[Gen 9 Champions] VGC 2026 Reg M-A",
  "players": [
    "Arisxdd",
    "hyunbelievable"
  ],
  "log": "|j|\u2606Arisxdd\n|j|\u2606hyunbelievable\n|t:|1776113324\n|gametype|doubles\n|player|p1|Arisxdd|ethan|1117\n|player|p2|hyunbelievable|guzma|1198\n|gen|9\n|tier|[Gen 9 Champions] VGC 2026 Reg M-A\n|rated|\n|rule|Species Clause: Limit one of each Pok\u00e9mon\n|rule|Item Clause: Limit 1 of each item\n|clearpoke\n|poke|p1|Cofagrigus, L50, F|\n|poke|p1|Incineroar, L50, F|\n|poke|p1|Torkoal, L50, M|\n|poke|p1|Hatterene, L50, F|\n|poke|p1|Excadrill, L50, M|\n|poke|p1|Whimsicott, L50, F|\n|poke|p2|Floette-Eternal, L50, F|\n|poke|p2|Aerodactyl, L50, M|\n|poke|p2|Excadrill, L50, M|\n|poke|p2|Tyranitar, L50, F|\n|poke|p2|Orthworm, L50, M|\n|poke|p2|Rotom-Heat, L50|\n|teampreview|4\n|inactive|Battle timer is ON: inactive players will automatically lose when time's up. (requested by Arisxdd)\n|\n|t:|1776113345\n|teamsize|p1|4\n|teamsize|p2|4\n|start\n|switch|p1a: Hatterene|Hatterene, L50, F|100/100\n|switch|p1b: Torkoal|Torkoal, L50, M|100/100\n|switch|p2a: Rotom|Rotom-Heat, L50|100/100\n|switch|p2b: Aerodactyl|Aerodactyl, L50, M|100/100\n|-weather|SunnyDay|[from] ability: Drought|[of] p1b: Torkoal\n|turn|1\n|\n|t:|1776113360\n|switch|p1b: Cofagrigus|Cofagrigus, L50, F, shiny|100/100\n|detailschange|p2b: Aerodactyl|Aerodactyl-Mega, L50, M\n|-mega|p2b: Aerodactyl|Aerodactyl|Aerodactylite\n|move|p2b: Aerodactyl|Rock Slide|p1a: Hatterene|[spread] p1a,p1b\n|-damage|p1a: Hatterene|67/100\n|-damage|p1b: Cofagrigus|78/100\n|move|p2a: Rotom|Overheat|p1a: Hatterene\n|-damage|p1a: Hatterene|0 fnt\n|-unboost|p2a: Rotom|spa|2\n|faint|p1a: Hatterene\n|\n|-weather|SunnyDay|[upkeep]\n|upkeep\n|\n|t:|1776113373\n|switch|p1a: Excadrill|Excadrill, L50, M|100/100\n|turn|2\n|inactive|Arisxdd has 30 seconds left.\n|inactive|hyunbelievable has 30 seconds left.\n|inactive|hyunbelievable has 20 seconds left.\n|\n|t:|1776113410\n|switch|p2a: Excadrill|Excadrill, L50, M|100/100\n|detailschange|p1a: Excadrill|Excadrill-Mega, L50, M\n|-mega|p1a: Excadrill|Excadrill|Excadrite\n|move|p2b: Aerodactyl|Dual Wingbeat|p1a: Excadrill\n|-resisted|p1a: Excadrill|1\n|-damage|p1a: Excadrill|87/100\n|-resisted|p1a: Excadrill|1\n|-damage|p1a: Excadrill|75/100\n|-hitcount|p1a: Excadrill|2\n|move|p1a: Excadrill|Iron Head|p2b: Aerodactyl\n|-supereffective|p2b: Aerodactyl|1\n|-crit|p2b: Aerodactyl\n|-damage|p2b: Aerodactyl|0 fnt\n|faint|p2b: Aerodactyl\n|move|p1b: Cofagrigus|Shadow Ball|p2a: Excadrill\n|-damage|p2a: Excadrill|56/100\n|\n|-weather|SunnyDay|[upkeep]\n|upkeep\n|\n|t:|1776113421\n|switch|p2b: Tyranitar|Tyranitar, L50, F|100/100\n|-weather|Sandstorm|[from] ability: Sand Stream|[of] p2b: Tyranitar\n|turn|3\n|\n|t:|1776113446\n|switch|p2b: Rotom|Rotom-Heat, L50|100/100\n|move|p2a: Excadrill|Earthquake|p1b: Cofagrigus|[spread] p1a,p1b\n|-immune|p2b: Rotom|[from] ability: Levitate\n|-supereffective|p1a: Excadrill|1\n|-damage|p1a: Excadrill|0 fnt\n|-damage|p1b: Cofagrigus|45/100\n|faint|p1a: Excadrill\n|move|p1b: Cofagrigus|Will-O-Wisp|p2b: Rotom\n|-immune|p2b: Rotom\n|\n|-weather|Sandstorm|[upkeep]\n|-damage|p2b: Rotom|95/100|[from] Sandstorm\n|-damage|p1b: Cofagrigus|39/100|[from] Sandstorm\n|upkeep\n|-message|Arisxdd forfeited.\n|\n|win|hyunbelievable\n|raw|Arisxdd's rating: 1117 &rarr; <strong>1098</strong><br />(-19 for losing)\n|raw|hyunbelievable's rating: 1198 &rarr; <strong>1217</strong><br />(+19 for winning)\n|l|\u2606Arisxdd\n|player|p1|\n",
  "uploadtime": 1776113456,
  "views": 17,
  "formatid": "gen9championsvgc2026regma",
  "rating": 1098,
  "private": 0,
  "password": null
}