{
  "id": "gen9championsvgc2026regma-2583148626",
  "format": "[Gen 9 Champions] VGC 2026 Reg M-A",
  "players": [
    "Prohxy",
    "alibaba999"
  ],
  "log": "|j|\u2606Prohxy\n|j|\u2606alibaba999\n|t:|1776147941\n|gametype|doubles\n|player|p1|Prohxy|lorelei-lgpe|1090\n|player|p2|alibaba999|giovanni|1131\n|gen|9\n|tier|[Gen 9 Champions] VGC 2026 Reg M-A\n|rated|\n|rule|Species Clause: Limit one of each Pok\u00e9mon\n|rule|Item Clause: Limit 1 of each item\n|clearpoke\n|poke|p1|Alcremie, L50, F|\n|poke|p1|Sinistcha, L50|\n|poke|p1|Scizor, L50, F|\n|poke|p1|Politoed, L50, F|\n|poke|p1|Basculegion, L50, M|\n|poke|p1|Stunfisk, L50, M|\n|poke|p2|Hawlucha, L50, M|\n|poke|p2|Incineroar, L50, M|\n|poke|p2|Garganacl, L50, M|\n|poke|p2|Whimsicott, L50, M|\n|poke|p2|Garchomp, L50, M|\n|poke|p2|Kingambit, L50, M|\n|teampreview|4\n|inactive|Battle timer is ON: inactive players will automatically lose when time's up. (requested by alibaba999)\n|\n|t:|1776147968\n|teamsize|p1|4\n|teamsize|p2|4\n|start\n|switch|p1a: Politoed|Politoed, L50, F, shiny|100/100\n|switch|p1b: Stunfisk|Stunfisk, L50, M, shiny|100/100\n|switch|p2a: Hawlucha|Hawlucha, L50, M, shiny|100/100\n|switch|p2b: Garganacl|Garganacl, L50, M, shiny|100/100\n|-weather|RainDance|[from] ability: Drizzle|[of] p1a: Politoed\n|turn|1\n|\n|t:|1776147984\n|detailschange|p2a: Hawlucha|Hawlucha-Mega, L50, M, shiny\n|-mega|p2a: Hawlucha|Hawlucha|Hawluchanite\n|move|p2a: Hawlucha|Entrainment|p2b: Garganacl\n|-ability|p2b: Garganacl|No Guard|Purifying Salt|[from] move: Entrainment|[of] p2a: Hawlucha\n|move|p1a: Politoed|Weather Ball|p2b: Garganacl\n|-supereffective|p2b: Garganacl|1\n|-damage|p2b: Garganacl|26/100\n|move|p1b: Stunfisk|Scald|p2b: Garganacl\n|-supereffective|p2b: Garganacl|1\n|-damage|p2b: Garganacl|0 fnt\n|faint|p2b: Garganacl\n|\n|-weather|RainDance|[upkeep]\n|upkeep\n|\n|t:|1776147996\n|switch|p2b: Kingambit|Kingambit, L50, M, shiny|100/100\n|turn|2\n|\n|t:|1776148006\n|move|p1a: Politoed|Helping Hand|p1b: Stunfisk\n|-singleturn|p1b: Stunfisk|Helping Hand|[of] p1a: Politoed\n|move|p2a: Hawlucha|Entrainment|p2b: Kingambit\n|-ability|p2b: Kingambit|No Guard|Defiant|[from] move: Entrainment|[of] p2a: Hawlucha\n|move|p2b: Kingambit|Guillotine|p1a: Politoed\n|-damage|p1a: Politoed|0 fnt\n|faint|p1a: Politoed\n|-ohko\n|move|p1b: Stunfisk|Earth Power|p2b: Kingambit\n|-supereffective|p2b: Kingambit|1\n|-damage|p2b: Kingambit|0 fnt\n|faint|p2b: Kingambit\n|\n|-weather|RainDance|[upkeep]\n|upkeep\n|-message|alibaba999 forfeited.\n|\n|win|Prohxy\n|raw|Prohxy's rating: 1090 &rarr; <strong>1120</strong><br />(+30 for winning)\n|raw|alibaba999's rating: 1131 &rarr; <strong>1103</strong><br />(-28 for losing)\n|l|\u2606alibaba999\n|player|p2|\n|c|\u2606Prohxy|lol\n",
  "uploadtime": 1776148031,
  "views": 24,
  "formatid": "gen9championsvgc2026regma",
  "rating": 1103,
  "private": 0,
  "password": null
}