{
  "id": "gen9championsvgc2026regma-2584755769",
  "format": "[Gen 9 Champions] VGC 2026 Reg M-A",
  "players": [
    "Enshuro",
    "tonybravais"
  ],
  "log": "|j|\u2606Enshuro\n|j|\u2606tonybravais\n|t:|1776281404\n|gametype|doubles\n|player|p1|Enshuro|1|1000\n|player|p2|tonybravais|170|1084\n|gen|9\n|tier|[Gen 9 Champions] VGC 2026 Reg M-A\n|rated|\n|rule|Species Clause: Limit one of each Pok\u00e9mon\n|rule|Item Clause: Limit 1 of each item\n|clearpoke\n|poke|p1|Ninetales-Alola, L50, F|\n|poke|p1|Incineroar, L50, F|\n|poke|p1|Torkoal, L50, M|\n|poke|p1|Meganium, L50, M|\n|poke|p1|Feraligatr, L50, M|\n|poke|p1|Farigiraf, L50, M|\n|poke|p2|Trevenant, L50, M|\n|poke|p2|Oranguru, L50, F|\n|poke|p2|Golurk, L50|\n|poke|p2|Torkoal, L50, F|\n|poke|p2|Empoleon, L50, M|\n|poke|p2|Drampa, L50, F|\n|teampreview|4\n|\n|t:|1776281445\n|teamsize|p1|4\n|teamsize|p2|4\n|start\n|switch|p1a: Torkoal|Torkoal, L50, M|100/100\n|switch|p1b: Farigiraf|Farigiraf, L50, M|100/100\n|switch|p2a: Trevenant|Trevenant, L50, M, shiny|100/100\n|switch|p2b: Empoleon|Empoleon, L50, M|100/100\n|-weather|SunnyDay|[from] ability: Drought|[of] p1a: Torkoal\n|turn|1\n|\n|t:|1776281466\n|switch|p2a: Drampa|Drampa, L50, F|100/100\n|-ability|p2a: Drampa|Cloud Nine\n|move|p2b: Empoleon|Hydro Pump|p1a: Torkoal\n|-supereffective|p1a: Torkoal|1\n|-damage|p1a: Torkoal|0 fnt\n|faint|p1a: Torkoal\n|move|p1b: Farigiraf|Trick Room|p1b: Farigiraf\n|-fieldstart|move: Trick Room|[of] p1b: Farigiraf\n|\n|-weather|SunnyDay|[upkeep]\n|upkeep\n|\n|t:|1776281475\n|switch|p1a: Ninetales|Ninetales-Alola, L50, F|100/100\n|-weather|Snowscape|[from] ability: Snow Warning|[of] p1a: Ninetales\n|turn|2\n|\n|t:|1776281489\n|switch|p2a: Torkoal|Torkoal, L50, F|100/100\n|-weather|SunnyDay|[from] ability: Drought|[of] p2a: Torkoal\n|move|p2b: Empoleon|Steel Beam|p1a: Ninetales\n|-supereffective|p1a: Ninetales|2\n|-damage|p1a: Ninetales|0 fnt\n|-damage|p2b: Empoleon|50/100|[from] steelbeam\n|faint|p1a: Ninetales\n|-heal|p2b: Empoleon|60/100|[from] item: Shell Bell|[of] p1: Ninetales\n|move|p1b: Farigiraf|Trick Room|p1b: Farigiraf\n|-fieldend|move: Trick Room\n|\n|-weather|SunnyDay|[upkeep]\n|upkeep\n|-message|Enshuro forfeited.\n|\n|win|tonybravais\n|raw|Enshuro's rating: 1000 &rarr; <strong>1000</strong><br />(+0 for losing)\n|raw|tonybravais's rating: 1084 &rarr; <strong>1105</strong><br />(+21 for winning)\n|l|\u2606Enshuro\n|player|p1|\n",
  "uploadtime": 1776281503,
  "views": 21,
  "formatid": "gen9championsvgc2026regma",
  "rating": 1000,
  "private": 0,
  "password": null
}