{
  "id": "gen9championsvgc2026regma-2585656939",
  "format": "[Gen 9 Champions] VGC 2026 Reg M-A",
  "players": [
    "TTT x",
    "yamzinyobooty"
  ],
  "log": "|j|\u2606TTT x\n|j|\u2606yamzinyobooty\n|html|<table width=\"100%\"><tr><td align=\"left\">TTT x</td><td align=\"right\">yamzinyobooty</tr><tr><td align=\"left\"><i class=\"fa fa-circle\"></i> <i class=\"fa fa-circle-o\"></i> </td><td align=\"right\"><i class=\"fa fa-circle-o\"></i> <i class=\"fa fa-circle-o\"></i> </tr></table>\n|uhtml|bestof|<h2><strong>Game 2</strong> of <a href=\"/game-bestof3-gen9championsvgc2026regma-2585650715\">a best-of-3</a></h2>\n|t:|1776361689\n|gametype|doubles\n|player|p1|TTT x|#smogonxnpa2025draftee|\n|player|p2|yamzinyobooty|266|\n|gen|9\n|tier|[Gen 9 Champions] VGC 2026 Reg M-A\n|rated|Tournament battle\n|rule|Species Clause: Limit one of each Pok\u00e9mon\n|rule|Item Clause: Limit 1 of each item\n|raw|<div class=\"infobox\"><details class=\"readmore\" open><summary><strong>2 custom rules:</strong></summary> Force Open Team Sheets, Best of = 3</details></div>\n|clearpoke\n|poke|p1|Manectric, L50, F|\n|poke|p1|Archaludon, L50, M|\n|poke|p1|Sinistcha, L50|\n|poke|p1|Politoed, L50, F|\n|poke|p1|Scizor, L50, F|\n|poke|p1|Incineroar, L50, M|\n|poke|p2|Charizard, L50, M|\n|poke|p2|Venusaur, L50, M|\n|poke|p2|Garchomp, L50, M|\n|poke|p2|Incineroar, L50, M|\n|poke|p2|Gardevoir, L50, M|\n|poke|p2|Milotic, L50, F|\n|teampreview|4\n|showteam|p1|Manectric||Manectite|LightningRod|VoltSwitch,Snarl,LightScreen,Protect|||F|||50|]Archaludon||Leftovers|Stamina|ElectroShot,DragonPulse,FlashCannon,Protect|||M|||50|]Sinistcha||KasibBerry|Hospitality|ShadowBall,LifeDew,RagePowder,Protect||||||50|]Politoed||SitrusBerry|Drizzle|WeatherBall,RainDance,Encore,Protect|||F|||50|]Scizor||Scizorite|Technician|BulletPunch,BugBite,SwordsDance,Protect|||F|||50|]Incineroar||ChopleBerry|Intimidate|FakeOut,FlareBlitz,WillOWisp,PartingShot|||M|||50|\n|showteam|p2|Charizard||CharizarditeY|SolarPower|HeatWave,WeatherBall,SolarBeam,Protect|||M|||50|]Venusaur||FocusSash|Chlorophyll|EnergyBall,SludgeBomb,SleepPowder,Protect|||M|||50|]Garchomp||YacheBerry|RoughSkin|DragonClaw,Earthquake,RockSlide,Protect|||M|||50|]Incineroar||SitrusBerry|Intimidate|FlareBlitz,ThroatChop,HelpingHand,FakeOut|||M|||50|]Gardevoir||ChoiceScarf|Telepathy|Moonblast,DazzlingGleam,Psychic,IcyWind|||M|||50|]Milotic||Leftovers|Competitive|Scald,IceBeam,LifeDew,Protect|||F|||50|\n|j|+TheLoanRanger\n|j|%llefface\n|j| diamsword\n|j| 2thyfor\n|j| Jamstiffer Alt\n|j| Carrielis\n|\n|t:|1776361713\n|teamsize|p1|4\n|teamsize|p2|4\n|start\n|switch|p1a: Manectric|Manectric, L50, F|100/100\n|switch|p1b: Archaludon|Archaludon, L50, M|100/100\n|switch|p2a: Charizard|Charizard, L50, M|100/100\n|switch|p2b: Venusaur|Venusaur, L50, M|100/100\n|turn|1\n|j| qmurda\n|c|%llefface|For reference, arch soaked 135% of its hp in damage\n|\n|t:|1776361744\n|switch|p2a: Garchomp|Garchomp, L50, M|100/100\n|detailschange|p1a: Manectric|Manectric-Mega, L50, F\n|-mega|p1a: Manectric|Manectric|Manectite\n|-ability|p1a: Manectric|Intimidate|boost\n|-unboost|p2a: Garchomp|atk|1\n|-unboost|p2b: Venusaur|atk|1\n|move|p1a: Manectric|Light Screen|p1a: Manectric\n|-sidestart|p1: TTT x|move: Light Screen\n|move|p2b: Venusaur|Sleep Powder|p1a: Manectric|[miss]\n|-miss|p2b: Venusaur|p1a: Manectric\n|move|p1b: Archaludon|Dragon Pulse|p2b: Venusaur\n|-damage|p2b: Venusaur|62/100\n|\n|upkeep\n|turn|2\n|c|%llefface|And ended at full\n|j| Bobbo1\n|\n|t:|1776361773\n|switch|p2b: Charizard|Charizard, L50, M|100/100\n|move|p1a: Manectric|Volt Switch|p1b: Archaludon\n|-resisted|p1b: Archaludon|1\n|-damage|p1b: Archaludon|90/100\n|-ability|p1b: Archaludon|Stamina|boost\n|-boost|p1b: Archaludon|def|1\n|\n|t:|1776361777\n|switch|p1a: Politoed|Politoed, L50, F|100/100|[from] Volt Switch\n|-weather|RainDance|[from] ability: Drizzle|[of] p1a: Politoed\n|move|p2a: Garchomp|Earthquake|p1a: Politoed|[spread] p1a,p1b\n|-immune|p2b: Charizard\n|-supereffective|p1b: Archaludon|1\n|-damage|p1a: Politoed|75/100\n|-damage|p1b: Archaludon|62/100\n|-ability|p1b: Archaludon|Stamina|boost\n|-boost|p1b: Archaludon|def|1\n|move|p1b: Archaludon|Electro Shot||[still]\n|-prepare|p1b: Archaludon|Electro Shot\n|-boost|p1b: Archaludon|spa|1\n|-anim|p1b: Archaludon|Electro Shot|p2b: Charizard\n|-supereffective|p2b: Charizard|1\n|-crit|p2b: Charizard\n|-damage|p2b: Charizard|0 fnt\n|faint|p2b: Charizard\n|\n|-weather|RainDance|[upkeep]\n|-heal|p1b: Archaludon|68/100|[from] item: Leftovers\n|upkeep\n|c|\u2606yamzinyobooty|yh icl ggs i sold\n|j|+holdingb\n|l|+TheLoanRanger\n|-message|yamzinyobooty forfeited.\n|\n|win|TTT x\n|l|\u2606yamzinyobooty\n|player|p2|\n",
  "uploadtime": 1776361799,
  "views": 66,
  "formatid": "gen9championsvgc2026regma",
  "rating": null,
  "private": 0,
  "password": null
}