{
  "id": "gen9championsvgc2026regma-2585049638",
  "format": "[Gen 9 Champions] VGC 2026 Reg M-A",
  "players": [
    "siunhanech",
    "sahabatgomba^_^"
  ],
  "log": "|j|\u2606siunhanech\n|j|\u2606sahabatgomba^_^\n|t:|1776306731\n|gametype|doubles\n|player|p1|siunhanech|cynthia-gen4|1365\n|player|p2|sahabatgomba^_^|102|1441\n|gen|9\n|tier|[Gen 9 Champions] VGC 2026 Reg M-A\n|rated|\n|rule|Species Clause: Limit one of each Pok\u00e9mon\n|rule|Item Clause: Limit 1 of each item\n|clearpoke\n|poke|p1|Blastoise, L50, M|\n|poke|p1|Sableye, L50, M|\n|poke|p1|Sneasler, L50, F|\n|poke|p1|Sinistcha, L50|\n|poke|p1|Rotom-Wash, L50|\n|poke|p1|Farigiraf, L50, M|\n|poke|p2|Floette-Eternal, L50, F|\n|poke|p2|Delphox, L50, M|\n|poke|p2|Aerodactyl, L50, M|\n|poke|p2|Incineroar, L50, F|\n|poke|p2|Milotic, L50, F|\n|poke|p2|Garchomp, L50, F|\n|teampreview|4\n|inactive|Battle timer is ON: inactive players will automatically lose when time's up. (requested by sahabatgomba^_^)\n|inactive|siunhanech has 60 seconds left.\n|\n|t:|1776306766\n|teamsize|p1|4\n|teamsize|p2|4\n|start\n|switch|p1a: Ch\u1ed3n l\u00f9i|Sneasler, L50, F|100/100\n|switch|p1b: B\u1eafn t\u00f9m lum|Blastoise, L50, M|100/100\n|switch|p2a: Aerodactyl|Aerodactyl, L50, M|100/100\n|switch|p2b: Floette|Floette-Eternal, L50, F|100/100\n|-ability|p2a: Aerodactyl|Unnerve\n|turn|1\n|\n|t:|1776306788\n|detailschange|p2b: Floette|Floette-Mega, L50, F\n|-mega|p2b: Floette|Floette|Floettite\n|-ability|p2b: Floette|Fairy Aura\n|detailschange|p1b: B\u1eafn t\u00f9m lum|Blastoise-Mega, L50, M\n|-mega|p1b: B\u1eafn t\u00f9m lum|Blastoise|Blastoisinite\n|move|p2a: Aerodactyl|Protect|p2a: Aerodactyl\n|-singleturn|p2a: Aerodactyl|Protect\n|move|p1a: Ch\u1ed3n l\u00f9i|Fake Out|p2b: Floette\n|-damage|p2b: Floette|86/100\n|cant|p2b: Floette|flinch\n|move|p1b: B\u1eafn t\u00f9m lum|Water Spout|p2b: Floette|[spread] p2b\n|-activate|p2a: Aerodactyl|move: Protect\n|-crit|p2b: Floette\n|-damage|p2b: Floette|18/100\n|\n|upkeep\n|turn|2\n|inactive|siunhanech has 30 seconds left.\n|\n|t:|1776306823\n|switch|p1a: M\u00e1y gi\u1eb7t|Rotom-Wash, L50|100/100\n|move|p2a: Aerodactyl|Dual Wingbeat|p1a: M\u00e1y gi\u1eb7t\n|-resisted|p1a: M\u00e1y gi\u1eb7t|1\n|-damage|p1a: M\u00e1y gi\u1eb7t|91/100\n|-resisted|p1a: M\u00e1y gi\u1eb7t|1\n|-damage|p1a: M\u00e1y gi\u1eb7t|81/100\n|-hitcount|p1a: M\u00e1y gi\u1eb7t|2\n|move|p2b: Floette|Calm Mind|p2b: Floette\n|-boost|p2b: Floette|spa|1\n|-boost|p2b: Floette|spd|1\n|move|p1b: B\u1eafn t\u00f9m lum|Ice Beam|p2b: Floette\n|-damage|p2b: Floette|0 fnt\n|faint|p2b: Floette\n|\n|-heal|p1a: M\u00e1y gi\u1eb7t|86/100|[from] item: Leftovers\n|upkeep\n|\n|t:|1776306838\n|switch|p2b: Garchomp|Garchomp, L50, F|100/100\n|turn|3\n|\n|t:|1776306848\n|move|p2b: Garchomp|Rock Slide|p1b: B\u1eafn t\u00f9m lum|[spread] p1a\n|-miss|p2b: Garchomp|p1b: B\u1eafn t\u00f9m lum\n|-damage|p1a: M\u00e1y gi\u1eb7t|67/100\n|move|p2a: Aerodactyl|Rock Slide|p1b: B\u1eafn t\u00f9m lum|[spread] p1a,p1b\n|-crit|p1a: M\u00e1y gi\u1eb7t\n|-damage|p1a: M\u00e1y gi\u1eb7t|26/100\n|-damage|p1b: B\u1eafn t\u00f9m lum|81/100\n|cant|p1a: M\u00e1y gi\u1eb7t|flinch\n|move|p1b: B\u1eafn t\u00f9m lum|Ice Beam|p2b: Garchomp\n|-supereffective|p2b: Garchomp|2\n|-damage|p2b: Garchomp|0 fnt\n|faint|p2b: Garchomp\n|\n|-heal|p1a: M\u00e1y gi\u1eb7t|32/100|[from] item: Leftovers\n|upkeep\n|-message|sahabatgomba^_^ forfeited.\n|\n|win|siunhanech\n|raw|siunhanech's rating: 1365 &rarr; <strong>1389</strong><br />(+24 for winning)\n|raw|sahabatgomba^_^'s rating: 1441 &rarr; <strong>1417</strong><br />(-24 for losing)\n|l|\u2606sahabatgomba^_^\n|player|p2|\n|l|\u2606siunhanech\n|player|p1|\n|j| gravedigger3000\n|l| gravedigger3000\n",
  "uploadtime": 1776307035,
  "views": 51,
  "formatid": "gen9championsvgc2026regma",
  "rating": 1389,
  "private": 0,
  "password": null
}