{
  "id": "gen9championsvgc2026regma-2587804713",
  "format": "[Gen 9 Champions] VGC 2026 Reg M-A",
  "players": [
    "yandero",
    "leviathan478"
  ],
  "log": "|j|\u2606yandero\n|j|\u2606leviathan478\n|t:|1776565734\n|gametype|doubles\n|player|p1|yandero|102|1138\n|player|p2|leviathan478|hugh|1218\n|gen|9\n|tier|[Gen 9 Champions] VGC 2026 Reg M-A\n|rated|\n|rule|Species Clause: Limit one of each Pok\u00e9mon\n|rule|Item Clause: Limit 1 of each item\n|clearpoke\n|poke|p1|Archaludon, L50, F|\n|poke|p1|Pelipper, L50, M|\n|poke|p1|Dragonite, L50, M|\n|poke|p1|Basculegion, L50, M|\n|poke|p1|Sinistcha, L50|\n|poke|p1|Sneasler, L50, F|\n|poke|p2|Charizard, L50, M, shiny|\n|poke|p2|Venusaur, L50, F|\n|poke|p2|Rotom-Wash, L50|\n|poke|p2|Garchomp, L50, M|\n|poke|p2|Sneasler, L50, F|\n|poke|p2|Incineroar, L50, M|\n|teampreview|4\n|inactive|Battle timer is ON: inactive players will automatically lose when time's up. (requested by leviathan478)\n|inactive|yandero has 60 seconds left.\n|\n|t:|1776565777\n|teamsize|p1|4\n|teamsize|p2|4\n|start\n|switch|p1a: Archaludon|Archaludon, L50, F|100/100\n|switch|p1b: Dragonite|Dragonite, L50, M|100/100\n|switch|p2a: Dyson|Rotom-Wash, L50|100/100\n|switch|p2b: Benito|Garchomp, L50, M|100/100\n|turn|1\n|\n|t:|1776565801\n|switch|p1a: Pelipper|Pelipper, L50, M|100/100\n|-weather|RainDance|[from] ability: Drizzle|[of] p1a: Pelipper\n|detailschange|p1b: Dragonite|Dragonite-Mega, L50, M\n|-mega|p1b: Dragonite|Dragonite|Dragoninite\n|move|p1b: Dragonite|Ice Beam|p2b: Benito\n|-supereffective|p2b: Benito|2\n|-damage|p2b: Benito|0 fnt\n|faint|p2b: Benito\n|move|p2a: Dyson|Discharge|p1b: Dragonite|[spread] p1a,p1b\n|-supereffective|p1a: Pelipper|2\n|-enditem|p1a: Pelipper|Wacan Berry|[eat]\n|-enditem|p1a: Pelipper|Wacan Berry|[weaken]\n|-damage|p1a: Pelipper|45/100\n|-damage|p1b: Dragonite|88/100\n|\n|-weather|RainDance|[upkeep]\n|upkeep\n|\n|t:|1776565814\n|switch|p2b: Apollo|Charizard, L50, M, shiny|100/100\n|turn|2\n|inactive|yandero has 30 seconds left.\n|inactive|yandero has 20 seconds left.\n|\n|t:|1776565850\n|switch|p1a: Sinistcha|Sinistcha, L50|100/100\n|-heal|p1b: Dragonite|100/100|[from] ability: Hospitality|[of] p1a: Sinistcha\n|detailschange|p2b: Apollo|Charizard-Mega-Y, L50, M, shiny\n|-mega|p2b: Apollo|Charizard|Charizardite Y\n|-weather|SunnyDay|[from] ability: Drought|[of] p2b: Apollo\n|move|p1b: Dragonite|Dragon Pulse|p2a: Dyson\n|-damage|p2a: Dyson|46/100\n|-enditem|p2a: Dyson|Sitrus Berry|[eat]\n|-heal|p2a: Dyson|71/100|[from] item: Sitrus Berry\n|move|p2b: Apollo|Air Slash|p1b: Dragonite\n|-damage|p1b: Dragonite|80/100\n|move|p2a: Dyson|Electroweb|p1b: Dragonite|[spread] p1a,p1b\n|-resisted|p1a: Sinistcha|1\n|-damage|p1a: Sinistcha|90/100\n|-damage|p1b: Dragonite|62/100\n|-unboost|p1a: Sinistcha|spe|1\n|-unboost|p1b: Dragonite|spe|1\n|\n|-weather|SunnyDay|[upkeep]\n|upkeep\n|turn|3\n|-message|leviathan478 forfeited.\n|\n|win|yandero\n|raw|yandero's rating: 1138 &rarr; <strong>1169</strong><br />(+31 for winning)\n|raw|leviathan478's rating: 1218 &rarr; <strong>1187</strong><br />(-31 for losing)\n|l|\u2606leviathan478\n|player|p2|\n",
  "uploadtime": 1776566202,
  "views": 8,
  "formatid": "gen9championsvgc2026regma",
  "rating": 1169,
  "private": 0,
  "password": null
}