{
  "id": "gen9championsvgc2026regma-2585084661",
  "format": "[Gen 9 Champions] VGC 2026 Reg M-A",
  "players": [
    "Granny Pie",
    "Miyan"
  ],
  "log": "|j|\u2606Granny Pie\n|j|\u2606Miyan\n|t:|1776310122\n|gametype|doubles\n|player|p1|Granny Pie|medium|1101\n|player|p2|Miyan|2|1140\n|gen|9\n|tier|[Gen 9 Champions] VGC 2026 Reg M-A\n|rated|\n|rule|Species Clause: Limit one of each Pok\u00e9mon\n|rule|Item Clause: Limit 1 of each item\n|clearpoke\n|poke|p1|Tyranitar, L50, M|\n|poke|p1|Aerodactyl, L50, F|\n|poke|p1|Garchomp, L50, F|\n|poke|p1|Excadrill, L50, M|\n|poke|p1|Meganium, L50, M|\n|poke|p1|Milotic, L50, M|\n|poke|p2|Starmie, L50|\n|poke|p2|Aegislash, L50, M|\n|poke|p2|Sneasler, L50, F|\n|poke|p2|Pelipper, L50, M|\n|poke|p2|Archaludon, L50, F|\n|poke|p2|Maushold, L50|\n|teampreview|4\n|inactive|Battle timer is ON: inactive players will automatically lose when time's up. (requested by Miyan)\n|inactive|Granny Pie also wants the timer to be on.\n|inactive|Granny Pie has 60 seconds left.\n|\n|t:|1776310156\n|teamsize|p1|4\n|teamsize|p2|4\n|start\n|switch|p1a: Aerodactyl|Aerodactyl, L50, F|100/100\n|switch|p1b: Garchomp|Garchomp, L50, F|100/100\n|switch|p2a: Sneasler|Sneasler, L50, F|100/100\n|switch|p2b: Starmie|Starmie, L50|100/100\n|-ability|p1a: Aerodactyl|Unnerve\n|turn|1\n|inactive|Miyan has 30 seconds left.\n|\n|t:|1776310200\n|detailschange|p2b: Starmie|Starmie-Mega, L50\n|-mega|p2b: Starmie|Starmie|Starminite\n|move|p1a: Aerodactyl|Protect|p1a: Aerodactyl\n|-singleturn|p1a: Aerodactyl|Protect\n|move|p2a: Sneasler|Fake Out|p1a: Aerodactyl\n|-activate|p1a: Aerodactyl|move: Protect\n|move|p1b: Garchomp|Earthquake|p2b: Starmie|[spread] p2a,p2b\n|-activate|p1a: Aerodactyl|move: Protect\n|-supereffective|p2a: Sneasler|1\n|-damage|p2a: Sneasler|0 fnt\n|-damage|p2b: Starmie|46/100\n|faint|p2a: Sneasler\n|move|p2b: Starmie|Liquidation|p1a: Aerodactyl\n|-activate|p1a: Aerodactyl|move: Protect\n|\n|upkeep\n|\n|t:|1776310213\n|switch|p2a: Pelipper|Pelipper, L50, M|100/100\n|-weather|RainDance|[from] ability: Drizzle|[of] p2a: Pelipper\n|turn|2\n|\n|t:|1776310234\n|move|p2b: Starmie|Protect|p2b: Starmie\n|-singleturn|p2b: Starmie|Protect\n|move|p1b: Garchomp|Earthquake|p2a: Pelipper|[spread] \n|-activate|p2b: Starmie|move: Protect\n|-immune|p1a: Aerodactyl\n|-immune|p2a: Pelipper\n|move|p1a: Aerodactyl|Tailwind|p1a: Aerodactyl\n|-sidestart|p1: Granny Pie|move: Tailwind\n|move|p2a: Pelipper|Tailwind|p2a: Pelipper\n|-sidestart|p2: Miyan|move: Tailwind\n|\n|-weather|RainDance|[upkeep]\n|upkeep\n|turn|3\n|inactive|Miyan has 30 seconds left.\n|\n|t:|1776310259\n|detailschange|p1a: Aerodactyl|Aerodactyl-Mega, L50, F\n|-mega|p1a: Aerodactyl|Aerodactyl|Aerodactylite\n|move|p1b: Garchomp|Earthquake|p2b: Starmie|[spread] p2b\n|-immune|p1a: Aerodactyl\n|-immune|p2a: Pelipper\n|-damage|p2b: Starmie|0 fnt\n|faint|p2b: Starmie\n|move|p1a: Aerodactyl|Rock Slide|p2a: Pelipper\n|-supereffective|p2a: Pelipper|1\n|-damage|p2a: Pelipper|3/100\n|cant|p2a: Pelipper|flinch\n|\n|-weather|RainDance|[upkeep]\n|upkeep\n|-message|Miyan forfeited.\n|\n|win|Granny Pie\n|raw|Granny Pie's rating: 1101 &rarr; <strong>1129</strong><br />(+28 for winning)\n|raw|Miyan's rating: 1140 &rarr; <strong>1112</strong><br />(-28 for losing)\n|l|\u2606Miyan\n|player|p2|\n",
  "uploadtime": 1776310275,
  "views": 20,
  "formatid": "gen9championsvgc2026regma",
  "rating": 1112,
  "private": 0,
  "password": null
}