{
  "id": "gen9championsvgc2026regma-2588245685",
  "format": "[Gen 9 Champions] VGC 2026 Reg M-A",
  "players": [
    "IuseExeggutor",
    "Leu_vgc"
  ],
  "log": "|j|\u2606IuseExeggutor\n|j|\u2606Leu_vgc\n|html|<table width=\"100%\"><tr><td align=\"left\">IuseExeggutor</td><td align=\"right\">Leu_vgc</tr><tr><td align=\"left\"><i class=\"fa fa-circle\"></i> <i class=\"fa fa-circle-o\"></i> </td><td align=\"right\"><i class=\"fa fa-circle-o\"></i> <i class=\"fa fa-circle-o\"></i> </tr></table>\n|uhtml|bestof|<h2><strong>Game 2</strong> of <a href=\"/game-bestof3-gen9championsvgc2026regma-2588242887\">a best-of-3</a></h2>\n|t:|1776617682\n|gametype|doubles\n|player|p1|IuseExeggutor|psychic-gen3rs|\n|player|p2|Leu_vgc|acetrainer|\n|gen|9\n|tier|[Gen 9 Champions] VGC 2026 Reg M-A\n|rated|Tournament battle\n|rule|Species Clause: Limit one of each Pok\u00e9mon\n|rule|Item Clause: Limit 1 of each item\n|raw|<div class=\"infobox\"><details class=\"readmore\" open><summary><strong>1 custom rule:</strong></summary> Best of = 3</details></div>\n|clearpoke\n|poke|p1|Aerodactyl, L50, M|\n|poke|p1|Farigiraf, L50, F|\n|poke|p1|Sylveon, L50, F, shiny|\n|poke|p1|Tyranitar, L50, F|\n|poke|p1|Steelix, L50, M, shiny|\n|poke|p1|Sneasler, L50, F, shiny|\n|poke|p2|Garchomp, L50, F, shiny|\n|poke|p2|Tyranitar, L50, F, shiny|\n|poke|p2|Manectric, L50, F, shiny|\n|poke|p2|Primarina, L50, F, shiny|\n|poke|p2|Farigiraf, L50, F, shiny|\n|poke|p2|Archaludon, L50, F, shiny|\n|teampreview|4\nLeu_vgc has agreed to open team sheets.\n|\n|t:|1776617703\n|teamsize|p1|4\n|teamsize|p2|4\n|start\n|switch|p1a: Farigiraf|Farigiraf, L50, F|100/100\n|switch|p1b: testostoreon real|Sylveon, L50, F, shiny|100/100\n|switch|p2a: Farigiraf|Farigiraf, L50, F, shiny|100/100\n|switch|p2b: Tyranitar|Tyranitar, L50, F, shiny|100/100\n|-weather|Sandstorm|[from] ability: Sand Stream|[of] p2b: Tyranitar\n|turn|1\n|\n|t:|1776617734\n|move|p1b: testostoreon real|Hyper Voice|p2a: Farigiraf|[spread] p2a,p2b\n|-supereffective|p2b: Tyranitar|1\n|-damage|p2a: Farigiraf|50/100\n|-damage|p2b: Tyranitar|48/100\n|-enditem|p2a: Farigiraf|Sitrus Berry|[eat]\n|-heal|p2a: Farigiraf|75/100|[from] item: Sitrus Berry\n|move|p2b: Tyranitar|Knock Off|p1a: Farigiraf\n|-supereffective|p1a: Farigiraf|1\n|-damage|p1a: Farigiraf|0 fnt\n|-enditem|p1a: Farigiraf|Mental Herb|[from] move: Knock Off|[of] p2b: Tyranitar\n|faint|p1a: Farigiraf\n|move|p2a: Farigiraf|Hyper Voice|p1b: testostoreon real\n|-damage|p1b: testostoreon real|67/100\n|\n|-weather|Sandstorm|[upkeep]\n|-damage|p1b: testostoreon real|61/100|[from] Sandstorm\n|-damage|p2a: Farigiraf|69/100|[from] Sandstorm\n|upkeep\n|\n|t:|1776617745\n|switch|p1a: Tyranitar|Tyranitar, L50, F|100/100\n|turn|2\n|\n|t:|1776617751\n|move|p2b: Tyranitar|Protect|p2b: Tyranitar\n|-singleturn|p2b: Tyranitar|Protect\n|move|p1a: Tyranitar|Knock Off|p2a: Farigiraf\n|-supereffective|p2a: Farigiraf|1\n|-damage|p2a: Farigiraf|0 fnt\n|faint|p2a: Farigiraf\n|move|p1b: testostoreon real|Calm Mind|p1b: testostoreon real\n|-boost|p1b: testostoreon real|spa|1\n|-boost|p1b: testostoreon real|spd|1\n|\n|-weather|Sandstorm|[upkeep]\n|-damage|p1b: testostoreon real|55/100|[from] Sandstorm\n|upkeep\n|\n|t:|1776617759\n|switch|p2a: Archaludon|Archaludon, L50, F, shiny|100/100\n|turn|3\n|\n|t:|1776617764\n|switch|p2b: Primarina|Primarina, L50, F, shiny|100/100\n|move|p2a: Archaludon|Aura Sphere|p1a: Tyranitar\n|-supereffective|p1a: Tyranitar|2\n|-enditem|p1a: Tyranitar|Chople Berry|[eat]\n|-enditem|p1a: Tyranitar|Chople Berry|[weaken]\n|-damage|p1a: Tyranitar|62/100\n|move|p1a: Tyranitar|High Horsepower|p2a: Archaludon\n|-supereffective|p2a: Archaludon|1\n|-enditem|p2a: Archaludon|Shuca Berry|[eat]\n|-enditem|p2a: Archaludon|Shuca Berry|[weaken]\n|-damage|p2a: Archaludon|73/100\n|-ability|p2a: Archaludon|Stamina|boost\n|-boost|p2a: Archaludon|def|1\n|move|p1b: testostoreon real|Hyper Voice|p2a: Archaludon|[spread] p2a,p2b\n|-damage|p2a: Archaludon|0 fnt\n|-damage|p2b: Primarina|36/100\n|faint|p2a: Archaludon\n|\n|-weather|Sandstorm|[upkeep]\n|-damage|p2b: Primarina|29/100|[from] Sandstorm\n|-damage|p1b: testostoreon real|49/100|[from] Sandstorm\n|-heal|p2b: Primarina|36/100|[from] item: Leftovers\n|upkeep\n|\n|t:|1776617767\n|switch|p2a: Tyranitar|Tyranitar, L50, F, shiny|48/100\n|turn|4\n|c|\u2606Leu_vgc|gg wp\n|\n|t:|1776617781\n|move|p1a: Tyranitar|High Horsepower|p2a: Tyranitar\n|-supereffective|p2a: Tyranitar|1\n|-damage|p2a: Tyranitar|0 fnt\n|faint|p2a: Tyranitar\n|move|p2b: Primarina|Hyper Voice|p1b: testostoreon real|[spread] p1a,p1b\n|-supereffective|p1a: Tyranitar|1\n|-damage|p1a: Tyranitar|14/100\n|-damage|p1b: testostoreon real|31/100\n|move|p1b: testostoreon real|Hyper Voice|p2b: Primarina\n|-crit|p2b: Primarina\n|-damage|p2b: Primarina|0 fnt\n|faint|p2b: Primarina\n|\n|win|IuseExeggutor\n|l|\u2606Leu_vgc\n|player|p2|\n|c|\u2606IuseExeggutor|ggg\n",
  "uploadtime": 1776617787,
  "views": 6,
  "formatid": "gen9championsvgc2026regma",
  "rating": null,
  "private": 0,
  "password": null
}