{
  "id": "gen9championsvgc2026regma-2581750067",
  "format": "[Gen 9 Champions] VGC 2026 Reg M-A",
  "players": [
    "edfvgz",
    "Equinox2691"
  ],
  "log": "|j|\u2606edfvgz\n|j|\u2606Equinox2691\n|t:|1776025510\n|gametype|doubles\n|player|p1|edfvgz|2|1083\n|player|p2|Equinox2691|2|1079\n|gen|9\n|tier|[Gen 9 Champions] VGC 2026 Reg M-A\n|rated|\n|rule|Species Clause: Limit one of each Pok\u00e9mon\n|rule|Item Clause: Limit 1 of each item\n|clearpoke\n|poke|p1|Golurk, L50|\n|poke|p1|Mr. Rime, L50, F|\n|poke|p1|Torkoal, L50, F|\n|poke|p1|Venusaur, L50, F|\n|poke|p1|Farigiraf, L50, F|\n|poke|p1|Kingambit, L50, M|\n|poke|p2|Charizard, L50, M|\n|poke|p2|Garchomp, L50, M|\n|poke|p2|Whimsicott, L50, F|\n|poke|p2|Incineroar, L50, F|\n|poke|p2|Aerodactyl, L50, F|\n|poke|p2|Typhlosion-Hisui, L50, M|\n|teampreview|4\n|inactive|Battle timer is ON: inactive players will automatically lose when time's up. (requested by edfvgz)\n|inactive|edfvgz has 60 seconds left.\n|\n|t:|1776025550\n|teamsize|p1|4\n|teamsize|p2|4\n|start\n|switch|p1a: Farigiraf|Farigiraf, L50, F|100/100\n|switch|p1b: Golurk|Golurk, L50|100/100\n|switch|p2a: Aerodactyl|Aerodactyl, L50, F|100/100\n|switch|p2b: Charizard|Charizard, L50, M, shiny|100/100\n|turn|1\n|\n|t:|1776025573\n|detailschange|p2b: Charizard|Charizard-Mega-Y, L50, M, shiny\n|-mega|p2b: Charizard|Charizard|Charizardite Y\n|-weather|SunnyDay|[from] ability: Drought|[of] p2b: Charizard\n|move|p1b: Golurk|Protect|p1b: Golurk\n|-singleturn|p1b: Golurk|Protect\n|move|p2a: Aerodactyl|Taunt|p1a: Farigiraf\n|-start|p1a: Farigiraf|move: Taunt\n|move|p2b: Charizard|Solar Beam||[still]\n|-prepare|p2b: Charizard|Solar Beam\n|-anim|p2b: Charizard|Solar Beam|p1b: Golurk\n|-activate|p1b: Golurk|move: Protect\n|cant|p1a: Farigiraf|move: Taunt|Trick Room\n|\n|-weather|SunnyDay|[upkeep]\n|upkeep\n|turn|2\n|inactive|Equinox2691 has 30 seconds left.\n|\n|t:|1776025601\n|switch|p1a: Kingambit|Kingambit, L50, M|100/100\n|switch|p1b: Venusaur|Venusaur, L50, F|100/100\n|move|p2a: Aerodactyl|Rock Slide|p1a: Kingambit|[spread] p1b\n|-miss|p2a: Aerodactyl|p1a: Kingambit\n|-damage|p1b: Venusaur|69/100\n|move|p2b: Charizard|Heat Wave|p1a: Kingambit|[spread] p1a,p1b\n|-supereffective|p1a: Kingambit|1\n|-supereffective|p1b: Venusaur|1\n|-damage|p1a: Kingambit|0 fnt\n|-damage|p1b: Venusaur|0 fnt\n|faint|p1a: Kingambit\n|faint|p1b: Venusaur\n|\n|-weather|SunnyDay|[upkeep]\n|upkeep\n|\n|t:|1776025610\n|switch|p1b: Golurk|Golurk, L50|100/100\n|switch|p1a: Farigiraf|Farigiraf, L50, F|100/100\n|turn|3\n|\n|t:|1776025620\n|detailschange|p1b: Golurk|Golurk-Mega, L50\n|-mega|p1b: Golurk|Golurk|Golurkite\n|move|p2a: Aerodactyl|Taunt|p1a: Farigiraf\n|-start|p1a: Farigiraf|move: Taunt\n|move|p2b: Charizard|Solar Beam||[still]\n|-prepare|p2b: Charizard|Solar Beam\n|-anim|p2b: Charizard|Solar Beam|p1b: Golurk\n|-supereffective|p1b: Golurk|1\n|-damage|p1b: Golurk|13/100\n|move|p1a: Farigiraf|Hyper Voice|p2a: Aerodactyl|[spread] p2a,p2b\n|-resisted|p2a: Aerodactyl|1\n|-damage|p2a: Aerodactyl|78/100\n|-damage|p2b: Charizard|71/100\n|move|p1b: Golurk|Rock Slide|p2a: Aerodactyl|[spread] \n|-miss|p1b: Golurk|p2a: Aerodactyl\n|-miss|p1b: Golurk|p2b: Charizard\n|\n|-weather|SunnyDay|[upkeep]\n|upkeep\n|turn|4\n|-message|edfvgz forfeited.\n|\n|win|Equinox2691\n|raw|edfvgz's rating: 1083 &rarr; <strong>1060</strong><br />(-23 for losing)\n|raw|Equinox2691's rating: 1079 &rarr; <strong>1107</strong><br />(+28 for winning)\n|l|\u2606edfvgz\n|player|p1|\n",
  "uploadtime": 1776025664,
  "views": 19,
  "formatid": "gen9championsvgc2026regma",
  "rating": 1060,
  "private": 0,
  "password": null
}