{
  "id": "gen9championsvgc2026regma-2584035821",
  "format": "[Gen 9 Champions] VGC 2026 Reg M-A",
  "players": [
    "DaBoi511",
    "disciple of blahaj"
  ],
  "log": "|j|\u2606DaBoi511\n|j|\u2606disciple of blahaj\n|t:|1776218844\n|gametype|doubles\n|player|p1|DaBoi511|schoolkid-gen4|1209\n|player|p2|disciple of blahaj|jacinthe|1195\n|gen|9\n|tier|[Gen 9 Champions] VGC 2026 Reg M-A\n|rated|\n|rule|Species Clause: Limit one of each Pok\u00e9mon\n|rule|Item Clause: Limit 1 of each item\n|clearpoke\n|poke|p1|Tyranitar, L50, M|\n|poke|p1|Corviknight, L50, M|\n|poke|p1|Excadrill, L50, F|\n|poke|p1|Gardevoir, L50, F|\n|poke|p1|Raichu, L50, M|\n|poke|p1|Volcarona, L50, F|\n|poke|p2|Golurk, L50|\n|poke|p2|Oranguru, L50, M|\n|poke|p2|Hatterene, L50, F|\n|poke|p2|Meowstic, L50, M|\n|poke|p2|Torkoal, L50, M|\n|poke|p2|Aggron, L50, F|\n|teampreview|4\n|inactive|Battle timer is ON: inactive players will automatically lose when time's up. (requested by disciple of blahaj)\n|inactive|disciple of blahaj has 60 seconds left.\n|inactive|DaBoi511 has 30 seconds left.\n|\n|t:|1776218916\n|teamsize|p1|4\n|teamsize|p2|4\n|start\n|switch|p1a: Excadrill|Excadrill, L50, F|100/100\n|switch|p1b: Volcarona|Volcarona, L50, F|100/100\n|switch|p2a: Golurk|Golurk, L50|100/100\n|switch|p2b: Oranguru|Oranguru, L50, M|100/100\n|turn|1\n|\n|t:|1776218940\n|detailschange|p2a: Golurk|Golurk-Mega, L50\n|-mega|p2a: Golurk|Golurk|Golurkite\n|move|p1b: Volcarona|Protect|p1b: Volcarona\n|-singleturn|p1b: Volcarona|Protect\n|move|p2a: Golurk|Protect|p2a: Golurk\n|-singleturn|p2a: Golurk|Protect\n|move|p1a: Excadrill|Earthquake|p2a: Golurk|[spread] p2b\n|-activate|p1b: Volcarona|move: Protect\n|-activate|p2a: Golurk|move: Protect\n|-damage|p2b: Oranguru|70/100\n|move|p2b: Oranguru|Trick Room|p2b: Oranguru\n|-fieldstart|move: Trick Room|[of] p2b: Oranguru\n|\n|upkeep\n|turn|2\n|inactive|DaBoi511 has 30 seconds left.\n|\n|t:|1776218966\n|move|p2a: Golurk|Headlong Rush|p1b: Volcarona\n|-damage|p1b: Volcarona|0 fnt\n|-unboost|p2a: Golurk|def|1\n|-unboost|p2a: Golurk|spd|1\n|faint|p1b: Volcarona\n|move|p2b: Oranguru|Instruct|p2a: Golurk\n|-singleturn|p2a: Golurk|move: Instruct|[of] p2b: Oranguru\n|move|p2a: Golurk|Headlong Rush|p1a: Excadrill\n|-supereffective|p1a: Excadrill|1\n|-enditem|p1a: Excadrill|Focus Sash\n|-damage|p1a: Excadrill|1/100\n|-unboost|p2a: Golurk|def|1\n|-unboost|p2a: Golurk|spd|1\n|move|p1a: Excadrill|Earthquake|p2a: Golurk|[spread] p2a,p2b\n|-damage|p2a: Golurk|20/100\n|-damage|p2b: Oranguru|39/100\n|\n|upkeep\n|inactive|DaBoi511 has 30 seconds left.\n|inactive|DaBoi511 has 20 seconds left.\n|\n|t:|1776219002\n|switch|p1b: Raichu|Raichu, L50, M|100/100\n|turn|3\n|\n|t:|1776219021\n|move|p1a: Excadrill|Protect|p1a: Excadrill\n|-singleturn|p1a: Excadrill|Protect\n|move|p1b: Raichu|Fake Out|p2b: Oranguru\n|-damage|p2b: Oranguru|32/100\n|move|p2a: Golurk|Headlong Rush|p1b: Raichu\n|-supereffective|p1b: Raichu|1\n|-damage|p1b: Raichu|0 fnt\n|-unboost|p2a: Golurk|def|1\n|-unboost|p2a: Golurk|spd|1\n|faint|p1b: Raichu\n|move|p2b: Oranguru|Instruct|p2a: Golurk\n|-singleturn|p2a: Golurk|move: Instruct|[of] p2b: Oranguru\n|move|p2a: Golurk|Headlong Rush|p1a: Excadrill\n|-supereffective|p1a: Excadrill|1\n|-ability|p2a: Golurk|Unseen Fist\n|-zbroken|p1a: Excadrill\n|-damage|p1a: Excadrill|0 fnt\n|-unboost|p2a: Golurk|def|1\n|-unboost|p2a: Golurk|spd|1\n|faint|p1a: Excadrill\n|\n|upkeep\n|\n|t:|1776219032\n|switch|p1b: Tyranitar|Tyranitar, L50, M|100/100\n|-weather|Sandstorm|[from] ability: Sand Stream|[of] p1b: Tyranitar\n|turn|4\n|-message|DaBoi511 forfeited.\n|\n|win|disciple of blahaj\n|raw|DaBoi511's rating: 1209 &rarr; <strong>1183</strong><br />(-26 for losing)\n|raw|disciple of blahaj's rating: 1195 &rarr; <strong>1221</strong><br />(+26 for winning)\n|l|\u2606DaBoi511\n|player|p1|\n",
  "uploadtime": 1776219060,
  "views": 17,
  "formatid": "gen9championsvgc2026regma",
  "rating": 1183,
  "private": 0,
  "password": null
}