{
  "id": "gen9championsvgc2026regma-2582552582",
  "format": "[Gen 9 Champions] VGC 2026 Reg M-A",
  "players": [
    "detypeac1er",
    "Kyizako"
  ],
  "log": "|j|\u2606detypeac1er\n|j|\u2606Kyizako\n|t:|1776098924\n|gametype|doubles\n|player|p1|detypeac1er|corbeau|1021\n|player|p2|Kyizako|psychic-gen4|1023\n|gen|9\n|tier|[Gen 9 Champions] VGC 2026 Reg M-A\n|rated|\n|rule|Species Clause: Limit one of each Pok\u00e9mon\n|rule|Item Clause: Limit 1 of each item\n|clearpoke\n|poke|p1|Lucario, L50, M|\n|poke|p1|Whimsicott, L50, F|\n|poke|p1|Maushold-Four, L50|\n|poke|p1|Heliolisk, L50, M|\n|poke|p1|Vivillon, L50, F|\n|poke|p1|Lopunny, L50, M|\n|poke|p2|Torkoal, L50, M|\n|poke|p2|Venusaur, L50, M|\n|poke|p2|Delphox, L50, M|\n|poke|p2|Garchomp, L50, M|\n|poke|p2|Milotic, L50, F|\n|poke|p2|Sneasler, L50, F|\n|teampreview|4\n|inactive|Battle timer is ON: inactive players will automatically lose when time's up. (requested by Kyizako)\nKyizako has agreed to open team sheets.\n|inactive|Kyizako has 60 seconds left.\ndetypeac1er rejected open team sheets.\n|inactive|Kyizako has 30 seconds left.\n|\n|t:|1776098993\n|teamsize|p1|4\n|teamsize|p2|4\n|start\n|switch|p1a: Lopunny|Lopunny, L50, M|100/100\n|switch|p1b: Vivillon|Vivillon, L50, F|100/100\n|switch|p2a: Torkoal|Torkoal, L50, M|100/100\n|switch|p2b: Delphox|Delphox, L50, M|100/100\n|-weather|SunnyDay|[from] ability: Drought|[of] p2a: Torkoal\n|turn|1\n|\n|t:|1776099013\n|detailschange|p1a: Lopunny|Lopunny-Mega, L50, M\n|-mega|p1a: Lopunny|Lopunny|Lopunnite\n|detailschange|p2b: Delphox|Delphox-Mega, L50, M\n|-mega|p2b: Delphox|Delphox|Delphoxite\n|move|p2b: Delphox|Protect|p2b: Delphox\n|-singleturn|p2b: Delphox|Protect\n|move|p1a: Lopunny|Fake Out|p2b: Delphox\n|-activate|p2b: Delphox|move: Protect\n|move|p1b: Vivillon|Sleep Powder|p2b: Delphox\n|-activate|p2b: Delphox|move: Protect\n|move|p2a: Torkoal|Heat Wave|p1a: Lopunny|[spread] p1a,p1b\n|-supereffective|p1b: Vivillon|1\n|-damage|p1a: Lopunny|50/100\n|-damage|p1b: Vivillon|0 fnt\n|-status|p1a: Lopunny|brn\n|faint|p1b: Vivillon\n|\n|-weather|SunnyDay|[upkeep]\n|-damage|p1a: Lopunny|44/100 brn|[from] brn\n|upkeep\n|inactive|detypeac1er has 30 seconds left.\n|inactive|detypeac1er has 20 seconds left.\n|inactive|detypeac1er has 15 seconds left.\n|inactive|detypeac1er has 10 seconds left.\n|inactive|detypeac1er has 5 seconds left.\n|\n|t:|1776099068\n|switch|p1b: Lucario|Lucario, L50, M|100/100\n|turn|2\n|-message|detypeac1er forfeited.\n|\n|win|Kyizako\n|raw|detypeac1er's rating: 1021 &rarr; <strong>1008</strong><br />(-13 for losing)\n|raw|Kyizako's rating: 1023 &rarr; <strong>1059</strong><br />(+36 for winning)\n|l|\u2606detypeac1er\n|player|p1|\n",
  "uploadtime": 1776099084,
  "views": 11,
  "formatid": "gen9championsvgc2026regma",
  "rating": 1008,
  "private": 0,
  "password": null
}