{
  "id": "gen9championsvgc2026regma-2587450264",
  "format": "[Gen 9 Champions] VGC 2026 Reg M-A",
  "players": [
    "FEFE200000008",
    "ironman3169"
  ],
  "log": "|j|\u2606FEFE200000008\n|j|\u2606ironman3169\n|t:|1776532838\n|gametype|doubles\n|player|p1|FEFE200000008|101|1192\n|player|p2|ironman3169|ash|1290\n|gen|9\n|tier|[Gen 9 Champions] VGC 2026 Reg M-A\n|rated|\n|rule|Species Clause: Limit one of each Pok\u00e9mon\n|rule|Item Clause: Limit 1 of each item\n|clearpoke\n|poke|p1|Camerupt, L50, M|\n|poke|p1|Hatterene, L50, F|\n|poke|p1|Torkoal, L50, F|\n|poke|p1|Altaria, L50, F|\n|poke|p1|Tyranitar, L50, F|\n|poke|p1|Venusaur, L50, F|\n|poke|p2|Golurk, L50|\n|poke|p2|Torkoal, L50, M|\n|poke|p2|Incineroar, L50, M|\n|poke|p2|Farigiraf, L50, M|\n|poke|p2|Venusaur, L50, M|\n|poke|p2|Sneasler, L50, M|\n|teampreview|4\n|inactive|Battle timer is ON: inactive players will automatically lose when time's up. (requested by FEFE200000008)\n|inactive|ironman3169 has 60 seconds left.\n|inactive|ironman3169 has 30 seconds left.\n|inactive|ironman3169 has 20 seconds left.\n|inactive|ironman3169 has 15 seconds left.\n|\n|t:|1776532927\n|teamsize|p1|4\n|teamsize|p2|4\n|start\n|switch|p1a: Camerupt|Camerupt, L50, M|100/100\n|switch|p1b: Hatterene|Hatterene, L50, F|100/100\n|switch|p2a: Incineroar|Incineroar, L50, M|100/100\n|switch|p2b: Sneasler|Sneasler, L50, M|100/100\n|-ability|p2b: Sneasler|Pressure\n|-ability|p2a: Incineroar|Intimidate|boost\n|-unboost|p1a: Camerupt|atk|1\n|-unboost|p1b: Hatterene|atk|1\n|turn|1\n|inactive|FEFE200000008 has 30 seconds left.\n|inactive|ironman3169 has 30 seconds left.\n|\n|t:|1776532960\n|move|p1a: Camerupt|Protect|p1a: Camerupt\n|-singleturn|p1a: Camerupt|Protect\n|move|p1b: Hatterene|Protect|p1b: Hatterene\n|-singleturn|p1b: Hatterene|Protect\n|move|p2a: Incineroar|Fake Out|p1b: Hatterene\n|-activate|p1b: Hatterene|move: Protect\n|move|p2b: Sneasler|Dire Claw|p1b: Hatterene\n|-activate|p1b: Hatterene|move: Protect\n|\n|upkeep\n|turn|2\n|\n|t:|1776532982\n|move|p2b: Sneasler|Dire Claw|p1b: Hatterene\n|-supereffective|p1b: Hatterene|1\n|-damage|p1b: Hatterene|11/100\n|-status|p1b: Hatterene|psn\n|move|p2a: Incineroar|Flare Blitz|p1b: Hatterene\n|-damage|p1b: Hatterene|0 fnt\n|faint|p1b: Hatterene\n|-damage|p2a: Incineroar|97/100|[from] Recoil\n|move|p1a: Camerupt|Earth Power|p2a: Incineroar\n|-supereffective|p2a: Incineroar|1\n|-enditem|p2a: Incineroar|Shuca Berry|[eat]\n|-enditem|p2a: Incineroar|Shuca Berry|[weaken]\n|-damage|p2a: Incineroar|60/100\n|-unboost|p2a: Incineroar|spd|1\n|\n|upkeep\n|\n|t:|1776532998\n|switch|p1b: Torkoal|Torkoal, L50, F|100/100\n|-weather|SunnyDay|[from] ability: Drought|[of] p1b: Torkoal\n|turn|3\n|\n|t:|1776533022\n|move|p1a: Camerupt|Protect|p1a: Camerupt\n|-singleturn|p1a: Camerupt|Protect\n|move|p2b: Sneasler|Close Combat|p1b: Torkoal\n|-damage|p1b: Torkoal|56/100\n|-unboost|p2b: Sneasler|def|1\n|-unboost|p2b: Sneasler|spd|1\n|-enditem|p2b: Sneasler|White Herb\n|-clearnegativeboost|p2b: Sneasler|[silent]\n|move|p2a: Incineroar|Throat Chop|p1a: Camerupt\n|-activate|p1a: Camerupt|move: Protect\n|move|p1b: Torkoal|Earth Power|p2a: Incineroar\n|-supereffective|p2a: Incineroar|1\n|-damage|p2a: Incineroar|0 fnt\n|faint|p2a: Incineroar\n|\n|-weather|SunnyDay|[upkeep]\n|-heal|p1b: Torkoal|63/100|[from] item: Leftovers\n|upkeep\n|\n|t:|1776533033\n|switch|p2a: Golurk|Golurk, L50|100/100\n|turn|4\n|\n|t:|1776533052\n|detailschange|p2a: Golurk|Golurk-Mega, L50\n|-mega|p2a: Golurk|Golurk|Golurkite\n|detailschange|p1a: Camerupt|Camerupt-Mega, L50, M\n|-mega|p1a: Camerupt|Camerupt|Cameruptite\n|move|p1b: Torkoal|Protect|p1b: Torkoal\n|-singleturn|p1b: Torkoal|Protect\n|move|p2b: Sneasler|Close Combat|p1b: Torkoal\n|-activate|p1b: Torkoal|move: Protect\n|move|p2a: Golurk|Headlong Rush|p1a: Camerupt\n|-supereffective|p1a: Camerupt|1\n|-damage|p1a: Camerupt|0 fnt\n|-unboost|p2a: Golurk|def|1\n|-unboost|p2a: Golurk|spd|1\n|faint|p1a: Camerupt\n|\n|-weather|SunnyDay|[upkeep]\n|-heal|p1b: Torkoal|69/100|[from] item: Leftovers\n|upkeep\n|-message|FEFE200000008 forfeited.\n|\n|win|ironman3169\n|raw|FEFE200000008's rating: 1192 &rarr; <strong>1174</strong><br />(-18 for losing)\n|raw|ironman3169's rating: 1290 &rarr; <strong>1308</strong><br />(+18 for winning)\n|l|\u2606FEFE200000008\n|player|p1|\n",
  "uploadtime": 1776533869,
  "views": 14,
  "formatid": "gen9championsvgc2026regma",
  "rating": 1174,
  "private": 0,
  "password": null
}