{
  "id": "gen9championsvgc2026regma-2584403210",
  "format": "[Gen 9 Champions] VGC 2026 Reg M-A",
  "players": [
    "grushuri",
    "Lifted_JRC_VGC"
  ],
  "log": "|j|\u2606grushuri\n|j|\u2606Lifted_JRC_VGC\n|t:|1776258342\n|gametype|doubles\n|player|p1|grushuri|lebanne|1145\n|player|p2|Lifted_JRC_VGC|170|1064\n|gen|9\n|tier|[Gen 9 Champions] VGC 2026 Reg M-A\n|rated|\n|rule|Species Clause: Limit one of each Pok\u00e9mon\n|rule|Item Clause: Limit 1 of each item\n|clearpoke\n|poke|p1|Torkoal, L50, M|\n|poke|p1|Golurk, L50|\n|poke|p1|Farigiraf, L50, M|\n|poke|p1|Venusaur, L50, M|\n|poke|p1|Kingambit, L50, F|\n|poke|p1|Incineroar, L50, M|\n|poke|p2|Skarmory, L50, F|\n|poke|p2|Sinistcha, L50|\n|poke|p2|Dragonite, L50, F|\n|poke|p2|Politoed, L50, F|\n|poke|p2|Incineroar, L50, M|\n|poke|p2|Kingambit, L50, F|\n|teampreview|4\n|\n|t:|1776258398\n|teamsize|p1|4\n|teamsize|p2|4\n|start\n|switch|p1a: Farigiraf|Farigiraf, L50, M|100/100\n|switch|p1b: Kingambit|Kingambit, L50, F|100/100\n|switch|p2a: Incineroar|Incineroar, L50, M|100/100\n|switch|p2b: Dragonite|Dragonite, L50, F|100/100\n|-ability|p2a: Incineroar|Intimidate|boost\n|-unboost|p1a: Farigiraf|atk|1\n|-unboost|p1b: Kingambit|atk|1\n|-ability|p1b: Kingambit|Defiant|boost\n|-boost|p1b: Kingambit|atk|2\n|turn|1\n|\n|t:|1776258419\n|detailschange|p2b: Dragonite|Dragonite-Mega, L50, F\n|-mega|p2b: Dragonite|Dragonite|Dragoninite\n|move|p2b: Dragonite|Protect|p2b: Dragonite\n|-singleturn|p2b: Dragonite|Protect\n|move|p1b: Kingambit|Protect|p1b: Kingambit\n|-singleturn|p1b: Kingambit|Protect\n|move|p2a: Incineroar|Flare Blitz|p1b: Kingambit\n|-activate|p1b: Kingambit|move: Protect\n|move|p1a: Farigiraf|Trick Room|p1a: Farigiraf\n|-fieldstart|move: Trick Room|[of] p1a: Farigiraf\n|\n|upkeep\n|turn|2\n|\n|t:|1776258435\n|switch|p2b: Politoed|Politoed, L50, F|100/100\n|-weather|RainDance|[from] ability: Drizzle|[of] p2b: Politoed\n|move|p1b: Kingambit|Low Kick|p2a: Incineroar\n|-supereffective|p2a: Incineroar|1\n|-damage|p2a: Incineroar|18/100\n|-enditem|p2a: Incineroar|Sitrus Berry|[eat]\n|-heal|p2a: Incineroar|43/100|[from] item: Sitrus Berry\n|move|p1a: Farigiraf|Hyper Voice|p2b: Politoed|[spread] p2a,p2b\n|-damage|p2a: Incineroar|21/100\n|-damage|p2b: Politoed|78/100\n|move|p2a: Incineroar|Flare Blitz|p1b: Kingambit\n|-supereffective|p1b: Kingambit|1\n|-damage|p1b: Kingambit|65/100\n|-damage|p2a: Incineroar|9/100|[from] Recoil\n|\n|-weather|RainDance|[upkeep]\n|-heal|p2b: Politoed|84/100|[from] item: Leftovers\n|upkeep\n|turn|3\n|\n|t:|1776258467\n|move|p1b: Kingambit|Kowtow Cleave|p2b: Politoed\n|-damage|p2b: Politoed|19/100\n|move|p1a: Farigiraf|Hyper Voice|p2b: Politoed|[spread] p2a,p2b\n|-damage|p2a: Incineroar|0 fnt\n|-damage|p2b: Politoed|0 fnt\n|faint|p2a: Incineroar\n|faint|p2b: Politoed\n|\n|-weather|RainDance|[upkeep]\n|upkeep\n|-message|Lifted_JRC_VGC forfeited.\n|\n|win|grushuri\n|raw|grushuri's rating: 1145 &rarr; <strong>1164</strong><br />(+19 for winning)\n|raw|Lifted_JRC_VGC's rating: 1064 &rarr; <strong>1049</strong><br />(-15 for losing)\n|l|\u2606Lifted_JRC_VGC\n|player|p2|\n",
  "uploadtime": 1776258478,
  "views": 28,
  "formatid": "gen9championsvgc2026regma",
  "rating": 1049,
  "private": 0,
  "password": null
}