{
  "id": "gen9championsvgc2026regma-2584716580",
  "format": "[Gen 9 Champions] VGC 2026 Reg M-A",
  "players": [
    "GenshinBrainRot",
    "catpotatt"
  ],
  "log": "|j|\u2606GenshinBrainRot\n|j|\u2606catpotatt\n|t:|1776278716\n|gametype|doubles\n|player|p1|GenshinBrainRot|silver|1233\n|player|p2|catpotatt|roxie|1296\n|gen|9\n|tier|[Gen 9 Champions] VGC 2026 Reg M-A\n|rated|\n|rule|Species Clause: Limit one of each Pok\u00e9mon\n|rule|Item Clause: Limit 1 of each item\n|clearpoke\n|poke|p1|Chandelure, L50, M|\n|poke|p1|Torkoal, L50, F|\n|poke|p1|Whimsicott, L50, M|\n|poke|p1|Incineroar, L50, F|\n|poke|p1|Leafeon, L50, M|\n|poke|p1|Gengar, L50, M|\n|poke|p2|Basculegion, L50, M|\n|poke|p2|Floette-Eternal, L50, F|\n|poke|p2|Talonflame, L50, F|\n|poke|p2|Garchomp, L50, M|\n|poke|p2|Gardevoir, L50, M|\n|poke|p2|Rotom-Heat, L50|\n|teampreview|4\n|\n|t:|1776278735\n|teamsize|p1|4\n|teamsize|p2|4\n|start\n|switch|p1a: Leafeon|Leafeon, L50, M|100/100\n|switch|p1b: Torkoal|Torkoal, L50, F|100/100\n|switch|p2a: Talonflame|Talonflame, L50, F|100/100\n|switch|p2b: Garchomp|Garchomp, L50, M|100/100\n|-weather|SunnyDay|[from] ability: Drought|[of] p1b: Torkoal\n|turn|1\n|\n|t:|1776278757\n|move|p1b: Torkoal|Protect|p1b: Torkoal\n|-singleturn|p1b: Torkoal|Protect\n|move|p1a: Leafeon|Solar Blade||[still]\n|-prepare|p1a: Leafeon|Solar Blade\n|-anim|p1a: Leafeon|Solar Blade|p2b: Garchomp\n|-damage|p2b: Garchomp|28/100\n|-damage|p1a: Leafeon|88/100|[from] ability: Rough Skin|[of] p2b: Garchomp\n|move|p2a: Talonflame|Overheat|p1a: Leafeon\n|-supereffective|p1a: Leafeon|1\n|-damage|p1a: Leafeon|0 fnt\n|-unboost|p2a: Talonflame|spa|2\n|faint|p1a: Leafeon\n|move|p2b: Garchomp|Earthquake|p1b: Torkoal|[spread] \n|-activate|p1b: Torkoal|move: Protect\n|-immune|p2a: Talonflame\n|\n|-weather|SunnyDay|[upkeep]\n|upkeep\n|\n|t:|1776278770\n|switch|p1a: Chandelure|Chandelure, L50, M|100/100\n|turn|2\n|\n|t:|1776278783\n|move|p2a: Talonflame|Dual Wingbeat|p1a: Chandelure\n|-damage|p1a: Chandelure|73/100\n|-damage|p1a: Chandelure|46/100\n|-hitcount|p1a: Chandelure|2\n|move|p2b: Garchomp|Earthquake|p1b: Torkoal|[spread] p1a,p1b\n|-immune|p2a: Talonflame\n|-supereffective|p1a: Chandelure|1\n|-supereffective|p1b: Torkoal|1\n|-damage|p1a: Chandelure|0 fnt\n|-damage|p1b: Torkoal|46/100\n|faint|p1a: Chandelure\n|move|p1b: Torkoal|Eruption|p2a: Talonflame|[spread] p2a,p2b\n|-resisted|p2a: Talonflame|1\n|-resisted|p2b: Garchomp|1\n|-damage|p2a: Talonflame|73/100\n|-damage|p2b: Garchomp|8/100\n|\n|-weather|SunnyDay|[upkeep]\n|upkeep\n|-message|GenshinBrainRot forfeited.\n|\n|win|catpotatt\n|raw|GenshinBrainRot's rating: 1233 &rarr; <strong>1212</strong><br />(-21 for losing)\n|raw|catpotatt's rating: 1296 &rarr; <strong>1317</strong><br />(+21 for winning)\n|l|\u2606GenshinBrainRot\n|player|p1|\n",
  "uploadtime": 1776278797,
  "views": 39,
  "formatid": "gen9championsvgc2026regma",
  "rating": 1212,
  "private": 0,
  "password": null
}