{
  "id": "gen9championsvgc2026regma-2584904976",
  "format": "[Gen 9 Champions] VGC 2026 Reg M-A",
  "players": [
    "General_XY",
    "FlutterGainz"
  ],
  "log": "|j|\u2606General_XY\n|j|\u2606FlutterGainz\n|t:|1776293213\n|gametype|doubles\n|player|p1|General_XY|101|1183\n|player|p2|FlutterGainz|ninjaboy|1280\n|gen|9\n|tier|[Gen 9 Champions] VGC 2026 Reg M-A\n|rated|\n|rule|Species Clause: Limit one of each Pok\u00e9mon\n|rule|Item Clause: Limit 1 of each item\n|clearpoke\n|poke|p1|Charizard, L50, F|\n|poke|p1|Floette-Eternal, L50, F|\n|poke|p1|Sinistcha-Masterpiece, L50|\n|poke|p1|Aerodactyl, L50, M|\n|poke|p1|Kingambit, L50, M|\n|poke|p1|Tauros-Paldea-Blaze, L50, M|\n|poke|p2|Gengar, L50, M|\n|poke|p2|Kangaskhan, L50, F|\n|poke|p2|Palafin, L50, F|\n|poke|p2|Incineroar, L50, M|\n|poke|p2|Kommo-o, L50, F|\n|poke|p2|Whimsicott, L50, M|\n|teampreview|4\n|\n|t:|1776293260\n|teamsize|p1|4\n|teamsize|p2|4\n|start\n|switch|p1a: Floette|Floette-Eternal, L50, F|100/100\n|switch|p1b: Kingambit|Kingambit, L50, M|100/100\n|switch|p2a: Kangaskhan|Kangaskhan, L50, F|100/100\n|switch|p2b: Palafin|Palafin, L50, F|100/100\n|turn|1\n|inactive|Battle timer is ON: inactive players will automatically lose when time's up. (requested by General_XY)\n|\n|t:|1776293283\n|detailschange|p1a: Floette|Floette-Mega, L50, F\n|-mega|p1a: Floette|Floette|Floettite\n|-ability|p1a: Floette|Fairy Aura\n|detailschange|p2a: Kangaskhan|Kangaskhan-Mega, L50, F\n|-mega|p2a: Kangaskhan|Kangaskhan|Kangaskhanite\n|move|p1a: Floette|Calm Mind|p1a: Floette\n|-boost|p1a: Floette|spa|1\n|-boost|p1a: Floette|spd|1\n|move|p2a: Kangaskhan|Low Kick|p1b: Kingambit\n|-supereffective|p1b: Kingambit|2\n|-damage|p1b: Kingambit|0 fnt\n|faint|p1b: Kingambit\n|-hitcount|p1: Kingambit|1\n|move|p2b: Palafin|Flip Turn|p1a: Floette\n|-damage|p1a: Floette|66/100\n|\n|t:|1776293292\n|detailschange|p2b: Palafin|Palafin-Hero, L50, F\n|switch|p2b: Whimsicott|Whimsicott, L50, M|100/100|[from] Flip Turn\n|\n|upkeep\n|\n|t:|1776293300\n|switch|p1b: Sinistcha|Sinistcha-Masterpiece, L50|100/100\n|-heal|p1a: Floette|91/100|[from] ability: Hospitality|[of] p1b: Sinistcha\n|turn|2\n|\n|t:|1776293310\n|switch|p2a: Incineroar|Incineroar, L50, M|100/100\n|-ability|p2a: Incineroar|Intimidate|boost\n|-unboost|p1a: Floette|atk|1\n|-unboost|p1b: Sinistcha|atk|1\n|move|p1b: Sinistcha|Rage Powder|p1b: Sinistcha\n|-singleturn|p1b: Sinistcha|move: Rage Powder\n|move|p2b: Whimsicott|Encore|p1a: Floette\n|-start|p1a: Floette|Encore\n|move|p1a: Floette|Calm Mind|p1a: Floette\n|-boost|p1a: Floette|spa|1\n|-boost|p1a: Floette|spd|1\n|\n|upkeep\n|turn|3\n|\n|t:|1776293335\n|switch|p1b: Tauros|Tauros-Paldea-Blaze, L50, M|100/100\n|-ability|p1b: Tauros|Intimidate|boost\n|-unboost|p2a: Incineroar|atk|1\n|-unboost|p2b: Whimsicott|atk|1\n|move|p2b: Whimsicott|Moonblast|p1b: Tauros\n|-damage|p1b: Tauros|14/100\n|-unboost|p1b: Tauros|spa|1\n|move|p1a: Floette|Calm Mind|p1a: Floette\n|-boost|p1a: Floette|spa|1\n|-boost|p1a: Floette|spd|1\n|move|p2a: Incineroar|Parting Shot|p1b: Tauros\n|-unboost|p1b: Tauros|atk|1\n|-unboost|p1b: Tauros|spa|1\n|\n|t:|1776293344\n|switch|p2a: Palafin|Palafin-Hero, L50, F|100/100|[from] Parting Shot\n|-activate|p2a: Palafin|ability: Zero to Hero\n|\n|upkeep\n|turn|4\n|\n|t:|1776293354\n|move|p2b: Whimsicott|Tailwind|p2b: Whimsicott\n|-sidestart|p2: FlutterGainz|move: Tailwind\n|move|p2a: Palafin|Wave Crash|p1a: Floette\n|-damage|p1a: Floette|0 fnt\n|faint|p1a: Floette\n|-damage|p2a: Palafin|79/100|[from] Recoil\n|move|p1b: Tauros|Raging Bull|p2b: Whimsicott\n|-supereffective|p2b: Whimsicott|1\n|-enditem|p2b: Whimsicott|Focus Sash\n|-damage|p2b: Whimsicott|1/100\n|\n|upkeep\n|-message|General_XY forfeited.\n|\n|win|FlutterGainz\n|raw|General_XY's rating: 1183 &rarr; <strong>1165</strong><br />(-18 for losing)\n|raw|FlutterGainz's rating: 1280 &rarr; <strong>1298</strong><br />(+18 for winning)\n|l|\u2606General_XY\n|player|p1|\n",
  "uploadtime": 1776293367,
  "views": 44,
  "formatid": "gen9championsvgc2026regma",
  "rating": 1165,
  "private": 0,
  "password": null
}