{
  "id": "gen9championsvgc2026regma-2581215010",
  "format": "[Gen 9 Champions] VGC 2026 Reg M-A",
  "players": [
    "JaxviVGC",
    "happidoodledoo"
  ],
  "log": "|j|\u2606JaxviVGC\n|j|\u2606happidoodledoo\n|t:|1775971753\n|gametype|doubles\n|player|p1|JaxviVGC|ethan|1270\n|player|p2|happidoodledoo|ghetsis|1389\n|gen|9\n|tier|[Gen 9 Champions] VGC 2026 Reg M-A\n|rated|\n|rule|Species Clause: Limit one of each Pok\u00e9mon\n|rule|Item Clause: Limit 1 of each item\n|clearpoke\n|poke|p1|Delphox, L50, F|\n|poke|p1|Whimsicott, L50, F|\n|poke|p1|Floette-Eternal, L50, F|\n|poke|p1|Garchomp, L50, M|\n|poke|p1|Sneasler, L50, M|\n|poke|p1|Milotic, L50, M|\n|poke|p2|Floette-Eternal, L50, F|\n|poke|p2|Whimsicott, L50, F|\n|poke|p2|Tyranitar, L50, M|\n|poke|p2|Garchomp, L50, F|\n|poke|p2|Typhlosion-Hisui, L50, F|\n|poke|p2|Tsareena, L50, F|\n|teampreview|4\n|inactive|Battle timer is ON: inactive players will automatically lose when time's up. (requested by JaxviVGC)\n|j| gE1xjZRtuhW2DdT0AK\n|inactive|happidoodledoo has 60 seconds left.\n|inactive|happidoodledoo has 30 seconds left.\n|inactive|happidoodledoo has 20 seconds left.\n|inactive|happidoodledoo has 15 seconds left.\n|inactive|happidoodledoo has 10 seconds left.\n|inactive|happidoodledoo has 5 seconds left.\n|\n|t:|1775971868\n|teamsize|p1|4\n|teamsize|p2|4\n|start\n|switch|p1a: Milotic|Milotic, L50, M|100/100\n|switch|p1b: Floette|Floette-Eternal, L50, F|100/100\n|switch|p2a: Floette|Floette-Eternal, L50, F|100/100\n|switch|p2b: Garchomp|Garchomp, L50, F|100/100\n|turn|1\n|\n|t:|1775971885\n|detailschange|p2a: Floette|Floette-Mega, L50, F\n|-mega|p2a: Floette|Floette|Floettite\n|-ability|p2a: Floette|Fairy Aura\n|detailschange|p1b: Floette|Floette-Mega, L50, F\n|-mega|p1b: Floette|Floette|Floettite\n|-ability|p1b: Floette|Fairy Aura\n|move|p2b: Garchomp|Dragon Claw|p1a: Milotic\n|-damage|p1a: Milotic|62/100\n|move|p1b: Floette|Calm Mind|p1b: Floette\n|-boost|p1b: Floette|spa|1\n|-boost|p1b: Floette|spd|1\n|move|p2a: Floette|Light of Ruin|p1a: Milotic\n|-damage|p1a: Milotic|0 fnt\n|faint|p1a: Milotic\n|-damage|p2a: Floette|64/100|[from] Recoil\n|\n|upkeep\n|\n|t:|1775971901\n|switch|p1a: Whimsicott|Whimsicott, L50, F|100/100\n|turn|2\n|\n|t:|1775971922\n|move|p2a: Floette|Protect|p2a: Floette\n|-singleturn|p2a: Floette|Protect\n|move|p1a: Whimsicott|Tailwind|p1a: Whimsicott\n|-sidestart|p1: JaxviVGC|move: Tailwind\n|move|p1b: Floette|Dazzling Gleam|p2a: Floette|[spread] p2b\n|-activate|p2a: Floette|move: Protect\n|-supereffective|p2b: Garchomp|1\n|-enditem|p2b: Garchomp|Roseli Berry|[eat]\n|-enditem|p2b: Garchomp|Roseli Berry|[weaken]\n|-damage|p2b: Garchomp|22/100\n|move|p2b: Garchomp|Stomping Tantrum|p1b: Floette\n|-damage|p1b: Floette|43/100\n|\n|upkeep\n|turn|3\n|-message|happidoodledoo forfeited.\n|\n|win|JaxviVGC\n|raw|JaxviVGC's rating: 1270 &rarr; <strong>1303</strong><br />(+33 for winning)\n|raw|happidoodledoo's rating: 1389 &rarr; <strong>1362</strong><br />(-27 for losing)\n|l|\u2606happidoodledoo\n|player|p2|\n|l|\u2606JaxviVGC\n|player|p1|\n",
  "uploadtime": 1775972023,
  "views": 23,
  "formatid": "gen9championsvgc2026regma",
  "rating": 1303,
  "private": 0,
  "password": null
}