{
  "id": "gen9championsvgc2026regma-2586284980",
  "format": "[Gen 9 Champions] VGC 2026 Reg M-A",
  "players": [
    "ScooteezyVGC",
    "CoffeeBlindBird"
  ],
  "log": "|j|\u2606ScooteezyVGC\n|j|\u2606CoffeeBlindBird\n|t:|1776421256\n|gametype|doubles\n|player|p1|ScooteezyVGC|red|1000\n|player|p2|CoffeeBlindBird|sabrina|1090\n|gen|9\n|tier|[Gen 9 Champions] VGC 2026 Reg M-A\n|rated|\n|rule|Species Clause: Limit one of each Pok\u00e9mon\n|rule|Item Clause: Limit 1 of each item\n|clearpoke\n|poke|p1|Simipour, L50, F|\n|poke|p1|Floette-Eternal, L50, F|\n|poke|p1|Garchomp, L50, F|\n|poke|p1|Aerodactyl, L50, F|\n|poke|p1|Rotom-Heat, L50|\n|poke|p1|Archaludon, L50, F|\n|poke|p2|Froslass, L50, F|\n|poke|p2|Kingambit, L50, F|\n|poke|p2|Incineroar, L50, F|\n|poke|p2|Sinistcha-Masterpiece, L50|\n|poke|p2|Aerodactyl, L50, F|\n|poke|p2|Garchomp, L50, M|\n|teampreview|4\n|\n|t:|1776421312\n|teamsize|p1|4\n|teamsize|p2|4\n|start\n|switch|p1a: Simipour|Simipour, L50, F|100/100\n|switch|p1b: Rotom|Rotom-Heat, L50|100/100\n|switch|p2a: Froslass|Froslass, L50, F|100/100\n|switch|p2b: Incineroar|Incineroar, L50, F|100/100\n|-ability|p2b: Incineroar|Intimidate|boost\n|-unboost|p1a: Simipour|atk|1\n|-unboost|p1b: Rotom|atk|1\n|turn|1\n|\n|t:|1776421327\n|move|p2a: Froslass|Protect|p2a: Froslass\n|-singleturn|p2a: Froslass|Protect\n|move|p1a: Simipour|Fake Out|p2b: Incineroar\n|-damage|p2b: Incineroar|94/100\n|cant|p2b: Incineroar|flinch\n|move|p1b: Rotom|Overheat|p2a: Froslass\n|-activate|p2a: Froslass|move: Protect\n|\n|upkeep\n|turn|2\n|\n|t:|1776421364\n|detailschange|p2a: Froslass|Froslass-Mega, L50, F\n|-mega|p2a: Froslass|Froslass|Froslassite\n|-weather|Snowscape|[from] ability: Snow Warning|[of] p2a: Froslass\n|move|p1b: Rotom|Overheat|p2a: Froslass\n|-supereffective|p2a: Froslass|1\n|-damage|p2a: Froslass|0 fnt\n|-unboost|p1b: Rotom|spa|2\n|faint|p2a: Froslass\n|move|p1a: Simipour|Taunt|p2b: Incineroar\n|-start|p2b: Incineroar|move: Taunt\n|move|p2b: Incineroar|Flare Blitz|p1b: Rotom\n|-resisted|p1b: Rotom|1\n|-damage|p1b: Rotom|73/100\n|-damage|p2b: Incineroar|87/100|[from] Recoil\n|\n|-weather|Snowscape|[upkeep]\n|upkeep\n|-message|CoffeeBlindBird forfeited.\n|\n|win|ScooteezyVGC\n|raw|ScooteezyVGC's rating: 1000 &rarr; <strong>1050</strong><br />(+50 for winning)\n|raw|CoffeeBlindBird's rating: 1090 &rarr; <strong>1061</strong><br />(-29 for losing)\n|l|\u2606CoffeeBlindBird\n|player|p2|\n",
  "uploadtime": 1776421384,
  "views": 25,
  "formatid": "gen9championsvgc2026regma",
  "rating": 1050,
  "private": 0,
  "password": null
}