{
  "id": "gen9championsvgc2026regma-2581180450",
  "format": "[Gen 9 Champions] VGC 2026 Reg M-A",
  "players": [
    "Papucaru",
    "vegemite360"
  ],
  "log": "|j|\u2606Papucaru\n|j|\u2606vegemite360\n|t:|1775967831\n|gametype|doubles\n|player|p1|Papucaru|hilbert|1173\n|player|p2|vegemite360|bugcatcher-gen4dp|1111\n|gen|9\n|tier|[Gen 9 Champions] VGC 2026 Reg M-A\n|rated|\n|rule|Species Clause: Limit one of each Pok\u00e9mon\n|rule|Item Clause: Limit 1 of each item\n|clearpoke\n|poke|p1|Talonflame, L50, M|\n|poke|p1|Lucario, L50, F|\n|poke|p1|Garchomp, L50, M|\n|poke|p1|Rotom-Wash, L50|\n|poke|p1|Umbreon, L50, F|\n|poke|p1|Gardevoir, L50, F|\n|poke|p2|Crabominable, L50, F|\n|poke|p2|Primarina, L50, F|\n|poke|p2|Armarouge, L50, F|\n|poke|p2|Drampa, L50, M|\n|poke|p2|Sinistcha, L50|\n|poke|p2|Incineroar, L50, M|\n|teampreview|4\n|inactive|Battle timer is ON: inactive players will automatically lose when time's up. (requested by vegemite360)\n|inactive|vegemite360 has 60 seconds left.\nPapucaru rejected open team sheets.\n|\n|t:|1775967888\n|teamsize|p1|4\n|teamsize|p2|4\n|start\n|switch|p1a: Talonflame|Talonflame, L50, M|100/100\n|switch|p1b: Lucario|Lucario, L50, F|100/100\n|switch|p2a: Sinistcha|Sinistcha, L50|100/100\n|switch|p2b: Primarina|Primarina, L50, F|100/100\n|turn|1\n|\n|t:|1775967912\n|detailschange|p1b: Lucario|Lucario-Mega, L50, F\n|-mega|p1b: Lucario|Lucario|Lucarionite\n|move|p1a: Talonflame|Tailwind|p1a: Talonflame\n|-sidestart|p1: Papucaru|move: Tailwind\n|move|p1b: Lucario|Meteor Mash|p2b: Primarina\n|-damage|p2b: Primarina|22/100\n|move|p2b: Primarina|Hyper Voice|p1a: Talonflame|[spread] p1a,p1b\n|-supereffective|p1a: Talonflame|1\n|-enditem|p1a: Talonflame|Focus Sash\n|-damage|p1a: Talonflame|1/100\n|-damage|p1b: Lucario|32/100\n|move|p2a: Sinistcha|Trick Room|p2a: Sinistcha\n|-fieldstart|move: Trick Room|[of] p2a: Sinistcha\n|\n|upkeep\n|turn|2\n|inactive|Papucaru has 30 seconds left.\n|\n|t:|1775967937\n|move|p2a: Sinistcha|Rage Powder|p2a: Sinistcha\n|-singleturn|p2a: Sinistcha|move: Rage Powder\n|move|p2b: Primarina|Hyper Voice|p1a: Talonflame|[spread] p1a,p1b\n|-supereffective|p1a: Talonflame|1\n|-damage|p1a: Talonflame|0 fnt\n|-damage|p1b: Lucario|0 fnt\n|faint|p1a: Talonflame\n|faint|p1b: Lucario\n|\n|upkeep\n|-message|Papucaru forfeited.\n|\n|win|vegemite360\n|raw|Papucaru's rating: 1173 &rarr; <strong>1144</strong><br />(-29 for losing)\n|raw|vegemite360's rating: 1111 &rarr; <strong>1140</strong><br />(+29 for winning)\n|l|\u2606Papucaru\n|player|p1|\n",
  "uploadtime": 1775967948,
  "views": 17,
  "formatid": "gen9championsvgc2026regma",
  "rating": 1140,
  "private": 0,
  "password": null
}