{
  "id": "gen9championsvgc2026regma-2588815332",
  "format": "[Gen 9 Champions] VGC 2026 Reg M-A",
  "players": [
    "sixthsavior",
    "gmoneyfins"
  ],
  "log": "|j|\u2606sixthsavior\n|j|\u2606gmoneyfins\n|t:|1776674264\n|gametype|doubles\n|player|p1|sixthsavior|265|1211\n|player|p2|gmoneyfins|2|1312\n|gen|9\n|tier|[Gen 9 Champions] VGC 2026 Reg M-A\n|rated|\n|rule|Species Clause: Limit one of each Pok\u00e9mon\n|rule|Item Clause: Limit 1 of each item\n|clearpoke\n|poke|p1|Charizard, L50, M|\n|poke|p1|Rotom-Wash, L50|\n|poke|p1|Garchomp, L50, F|\n|poke|p1|Talonflame, L50, M|\n|poke|p1|Dragonite, L50, M|\n|poke|p1|Dragapult, L50, M|\n|poke|p2|Scizor, L50, F|\n|poke|p2|Sneasler, L50, F|\n|poke|p2|Charizard, L50, M|\n|poke|p2|Incineroar, L50, F|\n|poke|p2|Milotic, L50, M|\n|poke|p2|Sinistcha, L50|\n|teampreview|4\n|inactive|Battle timer is ON: inactive players will automatically lose when time's up. (requested by gmoneyfins)\n|\n|t:|1776674281\n|teamsize|p1|4\n|teamsize|p2|4\n|start\n|switch|p1a: Dragapult|Dragapult, L50, M|100/100\n|switch|p1b: Dragonite|Dragonite, L50, M|100/100\n|switch|p2a: Charizard|Charizard, L50, M|100/100\n|switch|p2b: Sneasler|Sneasler, L50, F|100/100\n|turn|1\n|\n|t:|1776674304\n|detailschange|p2a: Charizard|Charizard-Mega-X, L50, M\n|-mega|p2a: Charizard|Charizard|Charizardite X\n|move|p2b: Sneasler|Fake Out|p1b: Dragonite\n|-damage|p1b: Dragonite|87/100\n|move|p1a: Dragapult|Psychic Fangs|p2b: Sneasler\n|-supereffective|p2b: Sneasler|2\n|-enditem|p2b: Sneasler|Focus Sash\n|-damage|p2b: Sneasler|1/100\n|move|p2a: Charizard|Dragon Dance|p2a: Charizard\n|-boost|p2a: Charizard|atk|1\n|-boost|p2a: Charizard|spe|1\n|move|p1b: Dragonite|Outrage|p2a: Charizard\n|-supereffective|p2a: Charizard|1\n|-damage|p2a: Charizard|0 fnt\n|faint|p2a: Charizard\n|\n|upkeep\n|c|\u2606gmoneyfins|lol ok\n|inactive|gmoneyfins has 30 seconds left.\n|c|\u2606gmoneyfins|gg i guess\n|-message|gmoneyfins forfeited.\n|\n|win|sixthsavior\n|raw|sixthsavior's rating: 1211 &rarr; <strong>1243</strong><br />(+32 for winning)\n|raw|gmoneyfins's rating: 1312 &rarr; <strong>1286</strong><br />(-26 for losing)\n|l|\u2606gmoneyfins\n|player|p2|\n",
  "uploadtime": 1776674361,
  "views": 10,
  "formatid": "gen9championsvgc2026regma",
  "rating": 1243,
  "private": 0,
  "password": null
}