{
  "id": "gen9championsvgc2026regma-2586276135",
  "format": "[Gen 9 Champions] VGC 2026 Reg M-A",
  "players": [
    "RandomGuyInSchool",
    "DRX34"
  ],
  "log": "|j|\u2606RandomGuyInSchool\n|j|\u2606DRX34\n|t:|1776420295\n|gametype|doubles\n|player|p1|RandomGuyInSchool|schoolkid-gen4|1099\n|player|p2|DRX34|ruinmaniac|1119\n|gen|9\n|tier|[Gen 9 Champions] VGC 2026 Reg M-A\n|rated|\n|rule|Species Clause: Limit one of each Pok\u00e9mon\n|rule|Item Clause: Limit 1 of each item\n|clearpoke\n|poke|p1|Kangaskhan, L50, F|\n|poke|p1|Sinistcha, L50|\n|poke|p1|Sneasler, L50, M|\n|poke|p1|Talonflame, L50, F|\n|poke|p1|Corviknight, L50, F|\n|poke|p1|Primarina, L50, F|\n|poke|p2|Tyranitar, L50, M|\n|poke|p2|Excadrill, L50, M|\n|poke|p2|Noivern, L50, F|\n|poke|p2|Sinistcha, L50|\n|poke|p2|Scizor, L50, M|\n|poke|p2|Rotom-Wash, L50|\n|teampreview|4\n|inactive|Battle timer is ON: inactive players will automatically lose when time's up. (requested by RandomGuyInSchool)\nRandomGuyInSchool rejected open team sheets.\n|inactive|RandomGuyInSchool has 60 seconds left.\n|inactive|RandomGuyInSchool has 30 seconds left.\n|\n|t:|1776420362\n|teamsize|p1|4\n|teamsize|p2|4\n|start\n|switch|p1a: Sneasler|Sneasler, L50, M|100/100\n|switch|p1b: Kangaskhan|Kangaskhan, L50, F|100/100\n|switch|p2a: Rotom|Rotom-Wash, L50|100/100\n|switch|p2b: Noivern|Noivern, L50, F|100/100\n|turn|1\n|inactive|DRX34 has 30 seconds left.\n|\n|t:|1776420390\n|detailschange|p1b: Kangaskhan|Kangaskhan-Mega, L50, F\n|-mega|p1b: Kangaskhan|Kangaskhan|Kangaskhanite\n|move|p1a: Sneasler|Protect|p1a: Sneasler\n|-singleturn|p1a: Sneasler|Protect\n|move|p2b: Noivern|Air Slash|p1a: Sneasler\n|-activate|p1a: Sneasler|move: Protect\n|move|p1b: Kangaskhan|Double-Edge|p2a: Rotom\n|-damage|p2a: Rotom|30/100\n|-damage|p2a: Rotom|13/100\n|-hitcount|p2a: Rotom|2\n|-damage|p1b: Kangaskhan|84/100|[from] Recoil\n|move|p2a: Rotom|Will-O-Wisp|p1b: Kangaskhan\n|-status|p1b: Kangaskhan|brn\n|\n|-damage|p1b: Kangaskhan|77/100 brn|[from] brn\n|upkeep\n|turn|2\n|\n|t:|1776420413\n|switch|p1b: Corviknight|Corviknight, L50, F|100/100\n|move|p2b: Noivern|Air Slash|p1a: Sneasler\n|-supereffective|p1a: Sneasler|1\n|-damage|p1a: Sneasler|9/100\n|move|p1a: Sneasler|Coaching|p1b: Corviknight\n|-boost|p1b: Corviknight|atk|1\n|-boost|p1b: Corviknight|def|1\n|move|p2a: Rotom|Thunderbolt|p1b: Corviknight\n|-supereffective|p1b: Corviknight|1\n|-crit|p1b: Corviknight\n|-damage|p1b: Corviknight|0 fnt\n|faint|p1b: Corviknight\n|\n|upkeep\n|inactive|RandomGuyInSchool has 30 seconds left.\n|inactive|RandomGuyInSchool has 20 seconds left.\n|inactive|RandomGuyInSchool has 15 seconds left.\n|inactive|RandomGuyInSchool has 10 seconds left.\n|inactive|RandomGuyInSchool has 5 seconds left.\n|\n|t:|1776420468\n|switch|p1b: Kangaskhan|Kangaskhan-Mega, L50, F|77/100 brn\n|turn|3\n|c|\u2606RandomGuyInSchool|crit mattered\n|c|\u2606DRX34|probably\n|inactive|RandomGuyInSchool has 30 seconds left.\n|inactive|RandomGuyInSchool has 20 seconds left.\n|inactive|RandomGuyInSchool has 15 seconds left.\n|inactive|RandomGuyInSchool has 10 seconds left.\n|inactive|RandomGuyInSchool has 5 seconds left.\n|\n|t:|1776420523\n|move|p1a: Sneasler|Protect|p1a: Sneasler\n|-singleturn|p1a: Sneasler|Protect\n|move|p1b: Kangaskhan|Protect|p1b: Kangaskhan\n|-singleturn|p1b: Kangaskhan|Protect\n|move|p2b: Noivern|Air Slash|p1b: Kangaskhan\n|-activate|p1b: Kangaskhan|move: Protect\n|move|p2a: Rotom|Thunderbolt|p1b: Kangaskhan\n|-activate|p1b: Kangaskhan|move: Protect\n|\n|-damage|p1b: Kangaskhan|71/100 brn|[from] brn\n|upkeep\n|turn|4\n|c|\u2606RandomGuyInSchool|252+ SpA Rotom-Wash Thunderbolt vs. 8 HP / 252 SpD Corviknight: 128-152 (73.5 - 87.3%) -- guaranteed 2HKO\n|c|\u2606RandomGuyInSchool|ggwp\n|inactive|RandomGuyInSchool has 30 seconds left.\n|-message|RandomGuyInSchool forfeited.\n|\n|win|DRX34\n|raw|RandomGuyInSchool's rating: 1099 &rarr; <strong>1076</strong><br />(-23 for losing)\n|raw|DRX34's rating: 1119 &rarr; <strong>1143</strong><br />(+24 for winning)\n|c|\u2606DRX34|ggwp\n|l|\u2606DRX34\n|player|p2|\n",
  "uploadtime": 1776420563,
  "views": 23,
  "formatid": "gen9championsvgc2026regma",
  "rating": 1076,
  "private": 0,
  "password": null
}