{
  "id": "gen9championsvgc2026regma-2584234140",
  "format": "[Gen 9 Champions] VGC 2026 Reg M-A",
  "players": [
    "tektokang",
    "terablastdontbanit"
  ],
  "log": "|j|\u2606tektokang\n|j|\u2606terablastdontbanit\n|t:|1776241382\n|gametype|doubles\n|player|p1|tektokang|102|1052\n|player|p2|terablastdontbanit|169|1090\n|gen|9\n|tier|[Gen 9 Champions] VGC 2026 Reg M-A\n|rated|\n|rule|Species Clause: Limit one of each Pok\u00e9mon\n|rule|Item Clause: Limit 1 of each item\n|clearpoke\n|poke|p1|Crabominable, L50, F|\n|poke|p1|Slowking-Galar, L50, M|\n|poke|p1|Sinistcha, L50|\n|poke|p1|Incineroar, L50, M|\n|poke|p1|Primarina, L50, M|\n|poke|p1|Tyranitar, L50, M|\n|poke|p2|Dragonite, L50, M|\n|poke|p2|Pelipper, L50, F|\n|poke|p2|Basculegion, L50, M|\n|poke|p2|Archaludon, L50, F|\n|poke|p2|Garchomp, L50, M|\n|poke|p2|Sinistcha, L50|\n|teampreview|4\n|\n|t:|1776241417\n|teamsize|p1|4\n|teamsize|p2|4\n|start\n|switch|p1a: Crabominable|Crabominable, L50, F|100/100\n|switch|p1b: Slowking|Slowking-Galar, L50, M|100/100\n|switch|p2a: Garchomp|Garchomp, L50, M|100/100\n|switch|p2b: Sinistcha|Sinistcha, L50|100/100\n|-clearboost|p1a: Crabominable|[from] ability: Curious Medicine|[of] p1b: Slowking\n|turn|1\n|\n|t:|1776241464\n|move|p1a: Crabominable|Protect|p1a: Crabominable\n|-singleturn|p1a: Crabominable|Protect\n|move|p2a: Garchomp|Stomping Tantrum|p1b: Slowking\n|-supereffective|p1b: Slowking|1\n|-enditem|p1b: Slowking|Shuca Berry|[eat]\n|-enditem|p1b: Slowking|Shuca Berry|[weaken]\n|-damage|p1b: Slowking|57/100\n|move|p2b: Sinistcha|Matcha Gotcha|p1a: Crabominable|[spread] p1b\n|-activate|p1a: Crabominable|move: Protect\n|-resisted|p1b: Slowking|1\n|-damage|p1b: Slowking|48/100\n|move|p1b: Slowking|Trick Room|p1b: Slowking\n|-fieldstart|move: Trick Room|[of] p1b: Slowking\n|\n|upkeep\n|turn|2\n|\n|t:|1776241494\n|move|p2b: Sinistcha|Rage Powder|p2b: Sinistcha\n|-singleturn|p2b: Sinistcha|move: Rage Powder\n|-prepare|p1b: Slowking|Chilly Reception|[premajor]\n|move|p1b: Slowking|Chilly Reception|p1b: Slowking\n|-weather|Snowscape\n|\n|t:|1776241502\n|switch|p1b: Primarina|Primarina, L50, M|100/100|[from] Chilly Reception\n|move|p1a: Crabominable|Ice Hammer|p2b: Sinistcha|[miss]\n|-miss|p1a: Crabominable|p2b: Sinistcha\n|move|p2a: Garchomp|Stomping Tantrum|p1b: Primarina\n|-crit|p1b: Primarina\n|-damage|p1b: Primarina|20/100\n|\n|-weather|Snowscape|[upkeep]\n|upkeep\n|turn|3\n|\n|t:|1776241519\n|detailschange|p1a: Crabominable|Crabominable-Mega, L50, F\n|-mega|p1a: Crabominable|Crabominable|Crabominite\n|move|p2b: Sinistcha|Rage Powder|p2b: Sinistcha\n|-singleturn|p2b: Sinistcha|move: Rage Powder\n|move|p1a: Crabominable|Ice Hammer|p2b: Sinistcha\n|-supereffective|p2b: Sinistcha|1\n|-damage|p2b: Sinistcha|0 fnt\n|-unboost|p1a: Crabominable|spe|1\n|faint|p2b: Sinistcha\n|move|p1b: Primarina|Hyper Voice|p2a: Garchomp\n|-crit|p2a: Garchomp\n|-damage|p2a: Garchomp|0 fnt\n|faint|p2a: Garchomp\n|\n|-weather|Snowscape|[upkeep]\n|upkeep\n|\n|t:|1776241535\n|switch|p2b: Basculegion|Basculegion, L50, M|100/100\n|switch|p2a: Pelipper|Pelipper, L50, F|100/100\n|-weather|RainDance|[from] ability: Drizzle|[of] p2a: Pelipper\n|turn|4\n|-message|tektokang forfeited.\n|\n|win|terablastdontbanit\n|raw|tektokang's rating: 1052 &rarr; <strong>1036</strong><br />(-16 for losing)\n|raw|terablastdontbanit's rating: 1090 &rarr; <strong>1114</strong><br />(+24 for winning)\n|l|\u2606tektokang\n|player|p1|\n|c|\u2606terablastdontbanit|huh\n",
  "uploadtime": 1776241563,
  "views": 19,
  "formatid": "gen9championsvgc2026regma",
  "rating": 1036,
  "private": 0,
  "password": null
}