{
  "id": "gen9championsvgc2026regma-2582455855",
  "format": "[Gen 9 Champions] VGC 2026 Reg M-A",
  "players": [
    "slyvesterccd",
    "1500ace"
  ],
  "log": "|j|\u2606slyvesterccd\n|j|\u26061500ace\n|t:|1776092841\n|gametype|doubles\n|player|p1|slyvesterccd|1|1042\n|player|p2|1500ace|170|1068\n|gen|9\n|tier|[Gen 9 Champions] VGC 2026 Reg M-A\n|rated|\n|rule|Species Clause: Limit one of each Pok\u00e9mon\n|rule|Item Clause: Limit 1 of each item\n|clearpoke\n|poke|p1|Gengar, L50, M|\n|poke|p1|Incineroar, L50, M|\n|poke|p1|Kingambit, L50, M|\n|poke|p1|Kommo-o, L50, M|\n|poke|p1|Sinistcha-Masterpiece, L50|\n|poke|p1|Tyranitar, L50, M|\n|poke|p2|Feraligatr, L50, F|\n|poke|p2|Clefable, L50, M|\n|poke|p2|Gengar, L50, M|\n|poke|p2|Weavile, L50, F|\n|poke|p2|Kommo-o, L50, F|\n|poke|p2|Rotom-Mow, L50|\n|teampreview|4\n1500ace has agreed to open team sheets.\n|\n|t:|1776092875\n|teamsize|p1|4\n|teamsize|p2|4\n|start\n|switch|p1a: Tyranitar|Tyranitar, L50, M|100/100\n|switch|p1b: Kommo-o|Kommo-o, L50, M|100/100\n|switch|p2a: Feraligatr|Feraligatr, L50, F|100/100\n|switch|p2b: Gengar|Gengar, L50, M|100/100\n|-weather|Sandstorm|[from] ability: Sand Stream|[of] p1a: Tyranitar\n|turn|1\n|\n|t:|1776092907\n|move|p1a: Tyranitar|Crunch|p2b: Gengar\n|-supereffective|p2b: Gengar|1\n|-enditem|p2b: Gengar|Focus Sash\n|-damage|p2b: Gengar|1/100\n|-start|p1a: Tyranitar|Disable|Crunch|[from] ability: Cursed Body|[of] p2b: Gengar\n|move|p2b: Gengar|Will-O-Wisp|p1a: Tyranitar\n|-status|p1a: Tyranitar|brn\n|move|p1b: Kommo-o|Clanging Scales|p2a: Feraligatr|[spread] p2a,p2b\n|-damage|p2a: Feraligatr|52/100\n|-damage|p2b: Gengar|0 fnt\n|faint|p2b: Gengar\n|-unboost|p1b: Kommo-o|def|1\n|move|p2a: Feraligatr|Dragon Dance|p2a: Feraligatr\n|-boost|p2a: Feraligatr|atk|1\n|-boost|p2a: Feraligatr|spe|1\n|\n|-weather|Sandstorm|[upkeep]\n|-damage|p2a: Feraligatr|46/100|[from] Sandstorm\n|-damage|p1a: Tyranitar|94/100 brn|[from] brn\n|upkeep\n|\n|t:|1776092929\n|switch|p2b: Weavile|Weavile, L50, F|100/100\n|-ability|p2b: Weavile|Pressure\n|turn|2\n|\n|t:|1776092940\n|switch|p1a: Kingambit|Kingambit, L50, M, shiny|100/100\n|detailschange|p2a: Feraligatr|Feraligatr-Mega, L50, F\n|-mega|p2a: Feraligatr|Feraligatr|Feraligite\n|move|p1b: Kommo-o|Protect|p1b: Kommo-o\n|-singleturn|p1b: Kommo-o|Protect\n|move|p2b: Weavile|Fake Out|p1a: Kingambit\n|-resisted|p1a: Kingambit|1\n|-damage|p1a: Kingambit|95/100\n|move|p2a: Feraligatr|Double-Edge|p1b: Kommo-o\n|-activate|p1b: Kommo-o|move: Protect\n|\n|-weather|Sandstorm|[upkeep]\n|-damage|p2a: Feraligatr|39/100|[from] Sandstorm\n|-damage|p2b: Weavile|94/100|[from] Sandstorm\n|-heal|p2b: Weavile|100/100|[from] item: Leftovers\n|upkeep\n|turn|3\n|\n|t:|1776092958\n|move|p1a: Kingambit|Sucker Punch|p2a: Feraligatr\n|-damage|p2a: Feraligatr|0 fnt\n|faint|p2a: Feraligatr\n|move|p2b: Weavile|Triple Axel|p1b: Kommo-o|[miss]\n|-miss|p2b: Weavile|p1b: Kommo-o\n|move|p1b: Kommo-o|Aura Sphere|p2b: Weavile\n|-supereffective|p2b: Weavile|2\n|-damage|p2b: Weavile|0 fnt\n|faint|p2b: Weavile\n|\n|-weather|Sandstorm|[upkeep]\n|upkeep\n|\n|t:|1776092980\n|switch|p2b: Kommo-o|Kommo-o, L50, F|100/100\n|turn|4\n|inactive|Battle timer is ON: inactive players will automatically lose when time's up. (requested by slyvesterccd)\n|\n|t:|1776092995\n|move|p1b: Kommo-o|Clanging Scales|p2b: Kommo-o\n|-supereffective|p2b: Kommo-o|1\n|-damage|p2b: Kommo-o|0 fnt\n|faint|p2b: Kommo-o\n|\n|win|slyvesterccd\n|raw|slyvesterccd's rating: 1042 &rarr; <strong>1078</strong><br />(+36 for winning)\n|raw|1500ace's rating: 1068 &rarr; <strong>1046</strong><br />(-22 for losing)\n",
  "uploadtime": 1776092999,
  "views": 11,
  "formatid": "gen9championsvgc2026regma",
  "rating": 1046,
  "private": 0,
  "password": null
}