{
  "id": "gen9championsvgc2026regma-2583392873",
  "format": "[Gen 9 Champions] VGC 2026 Reg M-A",
  "players": [
    "Tzucci",
    "ace o gato"
  ],
  "log": "|j|\u2606Tzucci\n|j|\u2606ace o gato\n|t:|1776172545\n|gametype|doubles\n|player|p1|Tzucci|elesa|1193\n|player|p2|ace o gato|265|1206\n|gen|9\n|tier|[Gen 9 Champions] VGC 2026 Reg M-A\n|rated|\n|rule|Species Clause: Limit one of each Pok\u00e9mon\n|rule|Item Clause: Limit 1 of each item\n|clearpoke\n|poke|p1|Tyranitar, L50, M|\n|poke|p1|Excadrill, L50, F|\n|poke|p1|Incineroar, L50, M|\n|poke|p1|Primarina, L50, F|\n|poke|p1|Farigiraf, L50, F|\n|poke|p1|Sinistcha, L50|\n|poke|p2|Aerodactyl, L50, F|\n|poke|p2|Incineroar, L50, M|\n|poke|p2|Floette-Eternal, L50, F|\n|poke|p2|Basculegion, L50, M|\n|poke|p2|Garchomp, L50, F|\n|poke|p2|Sneasler, L50, M|\n|teampreview|4\n|inactive|Battle timer is ON: inactive players will automatically lose when time's up. (requested by ace o gato)\n|inactive|ace o gato has 60 seconds left.\n|\n|t:|1776172586\n|teamsize|p1|4\n|teamsize|p2|4\n|start\n|switch|p1a: GOJIRA|Tyranitar, L50, M|100/100\n|switch|p1b: SANDMAN|Excadrill, L50, F|100/100\n|switch|p2a: Floette|Floette-Eternal, L50, F|100/100\n|switch|p2b: Basculegion|Basculegion, L50, M|100/100\n|-weather|Sandstorm|[from] ability: Sand Stream|[of] p1a: GOJIRA\n|turn|1\n|inactive|Tzucci has 30 seconds left.\n|inactive|Tzucci has 20 seconds left.\n|\n|t:|1776172623\n|move|p1b: SANDMAN|Protect|p1b: SANDMAN\n|-singleturn|p1b: SANDMAN|Protect\n|move|p2a: Floette|Protect|p2a: Floette\n|-singleturn|p2a: Floette|Protect\n|move|p2b: Basculegion|Flip Turn|p1b: SANDMAN\n|-activate|p1b: SANDMAN|move: Protect\n|move|p1a: GOJIRA|Taunt|p2a: Floette\n|-activate|p2a: Floette|move: Protect\n|\n|-weather|Sandstorm|[upkeep]\n|-damage|p2b: Basculegion|94/100|[from] Sandstorm\n|-damage|p2a: Floette|95/100|[from] Sandstorm\n|upkeep\n|turn|2\n|inactive|Tzucci has 30 seconds left.\n|\n|t:|1776172650\n|switch|p2a: Incineroar|Incineroar, L50, M, shiny|100/100\n|-ability|p2a: Incineroar|Intimidate|boost\n|-unboost|p1a: GOJIRA|atk|1\n|-unboost|p1b: SANDMAN|atk|1\n|move|p1b: SANDMAN|Swords Dance|p1b: SANDMAN\n|-boost|p1b: SANDMAN|atk|2\n|move|p2b: Basculegion|Flip Turn|p1b: SANDMAN\n|-supereffective|p1b: SANDMAN|1\n|-enditem|p1b: SANDMAN|Focus Sash\n|-damage|p1b: SANDMAN|1/100\n|\n|t:|1776172661\n|switch|p2b: Floette|Floette-Eternal, L50, F|95/100|[from] Flip Turn\n|move|p1a: GOJIRA|Taunt|p2a: Incineroar\n|-start|p2a: Incineroar|move: Taunt\n|\n|-weather|Sandstorm|[upkeep]\n|-damage|p2b: Floette|89/100|[from] Sandstorm\n|-damage|p2a: Incineroar|95/100|[from] Sandstorm\n|upkeep\n|turn|3\n|\n|t:|1776172681\n|switch|p1a: Farigiraf|Farigiraf, L50, F|100/100\n|detailschange|p2b: Floette|Floette-Mega, L50, F\n|-mega|p2b: Floette|Floette|Floettite\n|-ability|p2b: Floette|Fairy Aura\n|move|p2a: Incineroar|Fake Out||[still]\n|cant|p1a: Farigiraf|ability: Armor Tail|Fake Out|[of] p2a: Incineroar\n|move|p1b: SANDMAN|Iron Head|p2b: Floette\n|-supereffective|p2b: Floette|1\n|-damage|p2b: Floette|0 fnt\n|faint|p2b: Floette\n|\n|-weather|Sandstorm|[upkeep]\n|-damage|p2a: Incineroar|89/100|[from] Sandstorm\n|-damage|p1a: Farigiraf|94/100|[from] Sandstorm\n|upkeep\n|\n|t:|1776172690\n|switch|p2b: Basculegion|Basculegion, L50, M|94/100\n|turn|4\n|inactive|Tzucci has 30 seconds left.\n|\n|t:|1776172723\n|move|p1a: Farigiraf|Protect|p1a: Farigiraf\n|-singleturn|p1a: Farigiraf|Protect\n|move|p1b: SANDMAN|High Horsepower|p2a: Incineroar\n|-supereffective|p2a: Incineroar|1\n|-damage|p2a: Incineroar|0 fnt\n|faint|p2a: Incineroar\n|move|p2b: Basculegion|Flip Turn|p1a: Farigiraf\n|-activate|p1a: Farigiraf|move: Protect\n|\n|-weather|Sandstorm|[upkeep]\n|-damage|p2b: Basculegion|88/100|[from] Sandstorm\n|-damage|p1a: Farigiraf|88/100|[from] Sandstorm\n|upkeep\n|-message|ace o gato forfeited.\n|\n|win|Tzucci\n|raw|Tzucci's rating: 1193 &rarr; <strong>1219</strong><br />(+26 for winning)\n|raw|ace o gato's rating: 1206 &rarr; <strong>1180</strong><br />(-26 for losing)\n|l|\u2606ace o gato\n|player|p2|\n",
  "uploadtime": 1776172802,
  "views": 17,
  "formatid": "gen9championsvgc2026regma",
  "rating": 1180,
  "private": 0,
  "password": null
}