{
  "id": "gen9championsvgc2026regma-2589456234",
  "format": "[Gen 9 Champions] VGC 2026 Reg M-A",
  "players": [
    "pedroguscos73",
    "BossBoyBenny"
  ],
  "log": "|j|\u2606pedroguscos73\n|j|\u2606BossBoyBenny\n|t:|1776724556\n|gametype|doubles\n|player|p1|pedroguscos73|hiker-gen4|1035\n|player|p2|BossBoyBenny|102|1049\n|gen|9\n|tier|[Gen 9 Champions] VGC 2026 Reg M-A\n|rated|\n|rule|Species Clause: Limit one of each Pok\u00e9mon\n|rule|Item Clause: Limit 1 of each item\n|clearpoke\n|poke|p1|Meganium, L50, F|\n|poke|p1|Archaludon, L50, M, shiny|\n|poke|p1|Pelipper, L50, M|\n|poke|p1|Incineroar, L50, M|\n|poke|p1|Basculegion, L50, M|\n|poke|p1|Kangaskhan, L50, F|\n|poke|p2|Starmie, L50|\n|poke|p2|Dragonite, L50, F|\n|poke|p2|Kingambit, L50, M|\n|poke|p2|Talonflame, L50, M|\n|poke|p2|Gyarados, L50, M|\n|poke|p2|Scizor, L50, F|\n|teampreview|4\npedroguscos73 has agreed to open team sheets.\n|\n|t:|1776724618\n|teamsize|p1|4\n|teamsize|p2|4\n|start\n|switch|p1a: Armando|Archaludon, L50, M, shiny|100/100\n|switch|p1b: Ivan O Terr\u00edvel|Incineroar, L50, M|100/100\n|switch|p2a: Starmie|Starmie, L50|100/100\n|switch|p2b: Dragonite|Dragonite, L50, F|100/100\n|-ability|p1b: Ivan O Terr\u00edvel|Intimidate|boost\n|-unboost|p2a: Starmie|atk|1\n|-unboost|p2b: Dragonite|atk|1\n|-enditem|p2b: Dragonite|White Herb\n|-clearnegativeboost|p2b: Dragonite|[silent]\n|turn|1\n|\n|t:|1776724646\n|switch|p1b: Petr\u00facio|Pelipper, L50, M|100/100\n|-weather|RainDance|[from] ability: Drizzle|[of] p1b: Petr\u00facio\n|detailschange|p2a: Starmie|Starmie-Mega, L50\n|-mega|p2a: Starmie|Starmie|Starminite\n|move|p2a: Starmie|Skill Swap|p2b: Dragonite\n|-activate|p2a: Starmie|Skill Swap|||[of] p2b: Dragonite\n|move|p2b: Dragonite|Dragon Dance|p2b: Dragonite\n|-boost|p2b: Dragonite|atk|1\n|-boost|p2b: Dragonite|spe|1\n|move|p1a: Armando|Electro Shot||[still]\n|-prepare|p1a: Armando|Electro Shot\n|-boost|p1a: Armando|spa|1\n|-anim|p1a: Armando|Electro Shot|p2a: Starmie\n|-supereffective|p2a: Starmie|1\n|-damage|p2a: Starmie|35/100\n|\n|-weather|RainDance|[upkeep]\n|upkeep\n|turn|2\n|\n|t:|1776724676\n|move|p2b: Dragonite|Earthquake|p1a: Armando|[spread] p2a,p1a\n|-immune|p1b: Petr\u00facio\n|-supereffective|p1a: Armando|1\n|-damage|p2a: Starmie|0 fnt\n|-damage|p1a: Armando|10/100\n|faint|p2a: Starmie\n|move|p1b: Petr\u00facio|Tailwind|p1b: Petr\u00facio\n|-sidestart|p1: pedroguscos73|move: Tailwind\n|move|p1a: Armando|Draco Meteor|p2b: Dragonite\n|-supereffective|p2b: Dragonite|1\n|-damage|p2b: Dragonite|0 fnt\n|-unboost|p1a: Armando|spa|2\n|faint|p2b: Dragonite\n|\n|-weather|RainDance|[upkeep]\n|upkeep\n|c|\u2606BossBoyBenny|lol if that doesn\u2019t kill arch what\u2019s even the point\n|c|\u2606pedroguscos73|Armando is VERY bulky\n|inactive|Battle timer is ON: inactive players will automatically lose when time's up. (requested by pedroguscos73)\n|c|\u2606BossBoyBenny|Yeah but it\u2019s doubled attack +1 super effective\n|c|\u2606BossBoyBenny|from a max attack dragonite\n|-message|BossBoyBenny forfeited.\n|\n|win|pedroguscos73\n|raw|pedroguscos73's rating: 1035 &rarr; <strong>1071</strong><br />(+36 for winning)\n|raw|BossBoyBenny's rating: 1049 &rarr; <strong>1031</strong><br />(-18 for losing)\n|l|\u2606BossBoyBenny\n|player|p2|\n",
  "uploadtime": 1776724794,
  "views": 16,
  "formatid": "gen9championsvgc2026regma",
  "rating": 1031,
  "private": 0,
  "password": null
}