{
  "id": "gen9championsvgc2026regma-2581716462",
  "format": "[Gen 9 Champions] VGC 2026 Reg M-A",
  "players": [
    "dragonroi",
    "T_jame"
  ],
  "log": "|j|\u2606dragonroi\n|j|\u2606T_jame\n|t:|1776022968\n|gametype|doubles\n|player|p1|dragonroi|n|1100\n|player|p2|T_jame|265|1086\n|gen|9\n|tier|[Gen 9 Champions] VGC 2026 Reg M-A\n|rated|\n|rule|Species Clause: Limit one of each Pok\u00e9mon\n|rule|Item Clause: Limit 1 of each item\n|clearpoke\n|poke|p1|Froslass, L50, F|\n|poke|p1|Kingambit, L50, F|\n|poke|p1|Primarina, L50, F|\n|poke|p1|Sneasler, L50, M|\n|poke|p1|Arcanine-Hisui, L50, M|\n|poke|p1|Clefable, L50, F|\n|poke|p2|Drampa, L50, F|\n|poke|p2|Hatterene, L50, F|\n|poke|p2|Incineroar, L50, F|\n|poke|p2|Farigiraf, L50, F|\n|poke|p2|Mamoswine, L50, F|\n|poke|p2|Primarina, L50, F|\n|teampreview|4\n|inactive|Battle timer is ON: inactive players will automatically lose when time's up. (requested by T_jame)\n|inactive|dragonroi also wants the timer to be on.\n|j| 13737rg\n|inactive|dragonroi has 60 seconds left.\n|\n|t:|1776023011\n|teamsize|p1|4\n|teamsize|p2|4\n|start\n|switch|p1a: Kingambit|Kingambit, L50, F|100/100\n|switch|p1b: Sneasler|Sneasler, L50, M|100/100\n|switch|p2a: Farigiraf|Farigiraf, L50, F|100/100\n|switch|p2b: Mamoswine|Mamoswine, L50, F|100/100\n|turn|1\n|\n|t:|1776023035\n|move|p1b: Sneasler|Close Combat|p2b: Mamoswine\n|-supereffective|p2b: Mamoswine|1\n|-enditem|p2b: Mamoswine|Focus Sash\n|-damage|p2b: Mamoswine|1/100\n|-unboost|p1b: Sneasler|def|1\n|-unboost|p1b: Sneasler|spd|1\n|move|p2b: Mamoswine|Stomping Tantrum|p1a: Kingambit\n|-supereffective|p1a: Kingambit|1\n|-damage|p1a: Kingambit|45/100\n|move|p1a: Kingambit|Kowtow Cleave|p2a: Farigiraf\n|-supereffective|p2a: Farigiraf|1\n|-enditem|p2a: Farigiraf|Colbur Berry|[eat]\n|-enditem|p2a: Farigiraf|Colbur Berry|[weaken]\n|-damage|p2a: Farigiraf|54/100\n|move|p2a: Farigiraf|Trick Room|p2a: Farigiraf\n|-fieldstart|move: Trick Room|[of] p2a: Farigiraf\n|\n|upkeep\n|turn|2\n|inactive|dragonroi has 30 seconds left.\n|inactive|T_jame has 30 seconds left.\n|\n|t:|1776023074\n|move|p1b: Sneasler|Protect|p1b: Sneasler\n|-singleturn|p1b: Sneasler|Protect\n|move|p1a: Kingambit|Kowtow Cleave|p2a: Farigiraf\n|-supereffective|p2a: Farigiraf|1\n|-damage|p2a: Farigiraf|0 fnt\n|faint|p2a: Farigiraf\n|move|p2b: Mamoswine|Stomping Tantrum|p1a: Kingambit\n|-supereffective|p1a: Kingambit|1\n|-damage|p1a: Kingambit|0 fnt\n|faint|p1a: Kingambit\n|\n|upkeep\n|\n|t:|1776023088\n|switch|p1a: Primarina|Primarina, L50, F|100/100\n|switch|p2a: Drampa|Drampa, L50, F|100/100\n|-ability|p2a: Drampa|Cloud Nine\n|turn|3\n|\n|t:|1776023108\n|detailschange|p2a: Drampa|Drampa-Mega, L50, F\n|-mega|p2a: Drampa|Drampa|Drampanite\n|move|p2a: Drampa|Hyper Voice|p1a: Primarina|[spread] p1a,p1b\n|-crit|p1a: Primarina\n|-damage|p1a: Primarina|48/100\n|-damage|p1b: Sneasler|12/100\n|move|p1a: Primarina|Icy Wind|p2a: Drampa|[spread] p2a,p2b\n|-supereffective|p2a: Drampa|1\n|-damage|p2a: Drampa|77/100\n|-damage|p2b: Mamoswine|0 fnt\n|-unboost|p2a: Drampa|spe|1\n|faint|p2b: Mamoswine\n|move|p1b: Sneasler|Close Combat|p2a: Drampa\n|-supereffective|p2a: Drampa|1\n|-damage|p2a: Drampa|0 fnt\n|-unboost|p1b: Sneasler|def|1\n|-unboost|p1b: Sneasler|spd|1\n|faint|p2a: Drampa\n|\n|upkeep\n|-message|T_jame forfeited.\n|\n|win|dragonroi\n|raw|dragonroi's rating: 1100 &rarr; <strong>1124</strong><br />(+24 for winning)\n|raw|T_jame's rating: 1086 &rarr; <strong>1064</strong><br />(-22 for losing)\n|l|\u2606T_jame\n|player|p2|\n",
  "uploadtime": 1776023134,
  "views": 17,
  "formatid": "gen9championsvgc2026regma",
  "rating": 1064,
  "private": 0,
  "password": null
}