{
  "id": "gen9championsvgc2026regma-2581162497",
  "format": "[Gen 9 Champions] VGC 2026 Reg M-A",
  "players": [
    "lolgz",
    "N1ko_c"
  ],
  "log": "|j|\u2606lolgz\n|j|\u2606N1ko_c\n|t:|1775965946\n|gametype|doubles\n|player|p1|lolgz|170|1203\n|player|p2|N1ko_c|cynthia-gen4|1288\n|gen|9\n|tier|[Gen 9 Champions] VGC 2026 Reg M-A\n|rated|\n|rule|Species Clause: Limit one of each Pok\u00e9mon\n|rule|Item Clause: Limit 1 of each item\n|clearpoke\n|poke|p1|Gengar, L50, M|\n|poke|p1|Whimsicott, L50, F|\n|poke|p1|Dragonite, L50, M|\n|poke|p1|Farigiraf, L50, M|\n|poke|p1|Sneasler, L50, M|\n|poke|p1|Floette-Eternal, L50, F|\n|poke|p2|Froslass, L50, F|\n|poke|p2|Primarina, L50, M|\n|poke|p2|Hydreigon, L50, M|\n|poke|p2|Aerodactyl, L50, F|\n|poke|p2|Sneasler, L50, F|\n|poke|p2|Farigiraf, L50, M|\n|teampreview|4\n|\n|t:|1775965983\n|teamsize|p1|4\n|teamsize|p2|4\n|start\n|switch|p1a: Whimsicott|Whimsicott, L50, F|100/100\n|switch|p1b: Floette|Floette-Eternal, L50, F|100/100\n|switch|p2a: Farigiraf|Farigiraf, L50, M|100/100\n|switch|p2b: Froslass|Froslass, L50, F|100/100\n|turn|1\n|\n|t:|1775965995\n|detailschange|p2b: Froslass|Froslass-Mega, L50, F\n|-mega|p2b: Froslass|Froslass|Froslassite\n|-weather|Snowscape|[from] ability: Snow Warning|[of] p2b: Froslass\n|detailschange|p1b: Floette|Floette-Mega, L50, F\n|-mega|p1b: Floette|Floette|Floettite\n|-ability|p1b: Floette|Fairy Aura\n|move|p1b: Floette|Protect|p1b: Floette\n|-singleturn|p1b: Floette|Protect\n|move|p1a: Whimsicott|Moonblast|p2a: Farigiraf\n|-damage|p2a: Farigiraf|64/100\n|move|p2b: Froslass|Aurora Veil|p2b: Froslass\n|-sidestart|p2: N1ko_c|move: Aurora Veil\n|move|p2a: Farigiraf|Trick Room|p2a: Farigiraf\n|-fieldstart|move: Trick Room|[of] p2a: Farigiraf\n|\n|-weather|Snowscape|[upkeep]\n|upkeep\n|turn|2\n|\n|t:|1775966011\n|switch|p2b: Primarina|Primarina, L50, M|100/100\n|move|p2a: Farigiraf|Hyper Voice|p1b: Floette|[spread] p1a,p1b\n|-damage|p1a: Whimsicott|58/100\n|-damage|p1b: Floette|78/100\n|move|p1b: Floette|Dazzling Gleam|p2b: Primarina|[spread] p2a,p2b\n|-damage|p2a: Farigiraf|40/100\n|-damage|p2b: Primarina|74/100\n|-enditem|p2a: Farigiraf|Sitrus Berry|[eat]\n|-heal|p2a: Farigiraf|65/100|[from] item: Sitrus Berry\n|move|p1a: Whimsicott|Moonblast|p2b: Primarina\n|-damage|p2b: Primarina|46/100\n|\n|-weather|Snowscape|[upkeep]\n|-heal|p2b: Primarina|52/100|[from] item: Leftovers\n|upkeep\n|turn|3\n|\n|t:|1775966026\n|move|p2b: Primarina|Moonblast|p1b: Floette\n|-damage|p1b: Floette|19/100\n|move|p2a: Farigiraf|Hyper Voice|p1a: Whimsicott|[spread] p1a,p1b\n|-damage|p1a: Whimsicott|16/100\n|-damage|p1b: Floette|0 fnt\n|faint|p1b: Floette\n|move|p1a: Whimsicott|Moonblast|p2b: Primarina\n|-damage|p2b: Primarina|34/100\n|\n|-weather|Snowscape|[upkeep]\n|-heal|p2b: Primarina|40/100|[from] item: Leftovers\n|upkeep\n|\n|t:|1775966039\n|switch|p1b: Farigiraf|Farigiraf, L50, M|100/100\n|turn|4\n|-message|lolgz forfeited.\n|\n|win|N1ko_c\n|raw|lolgz's rating: 1203 &rarr; <strong>1184</strong><br />(-19 for losing)\n|raw|N1ko_c's rating: 1288 &rarr; <strong>1307</strong><br />(+19 for winning)\n",
  "uploadtime": 1775966042,
  "views": 13,
  "formatid": "gen9championsvgc2026regma",
  "rating": 1184,
  "private": 0,
  "password": null
}