{
  "id": "gen9championsvgc2026regma-2587685625",
  "format": "[Gen 9 Champions] VGC 2026 Reg M-A",
  "players": [
    "hxrokk",
    "WumblesNSuch"
  ],
  "log": "|j|\u2606hxrokk\n|j|\u2606WumblesNSuch\n|t:|1776553779\n|gametype|doubles\n|player|p1|hxrokk|iris|1058\n|player|p2|WumblesNSuch|blue|1156\n|gen|9\n|tier|[Gen 9 Champions] VGC 2026 Reg M-A\n|rated|\n|rule|Species Clause: Limit one of each Pok\u00e9mon\n|rule|Item Clause: Limit 1 of each item\n|clearpoke\n|poke|p1|Pelipper, L50, F, shiny|\n|poke|p1|Starmie, L50, shiny|\n|poke|p1|Archaludon, L50, F, shiny|\n|poke|p1|Sneasler, L50, M|\n|poke|p1|Dragonite, L50, F, shiny|\n|poke|p1|Incineroar, L50, F, shiny|\n|poke|p2|Azumarill, L50, M|\n|poke|p2|Gengar, L50, M|\n|poke|p2|Pelipper, L50, M|\n|poke|p2|Archaludon, L50, F|\n|poke|p2|Sinistcha, L50|\n|poke|p2|Garchomp, L50, F|\n|teampreview|4\nhxrokk has agreed to open team sheets.\n|\n|t:|1776553807\n|teamsize|p1|4\n|teamsize|p2|4\n|start\n|switch|p1a: Nell|Pelipper, L50, F, shiny|100/100\n|switch|p1b: Yun Li|Starmie, L50, shiny|100/100\n|switch|p2a: Pelipper|Pelipper, L50, M|100/100\n|switch|p2b: Archaludon|Archaludon, L50, F|100/100\n|-weather|RainDance|[from] ability: Drizzle|[of] p2a: Pelipper\n|turn|1\n|\n|t:|1776553824\n|move|p2a: Pelipper|Icy Wind|p1a: Nell|[spread] p1a,p1b\n|-resisted|p1b: Yun Li|1\n|-damage|p1a: Nell|85/100\n|-damage|p1b: Yun Li|94/100\n|-unboost|p1a: Nell|spe|1\n|-unboost|p1b: Yun Li|spe|1\n|move|p1b: Yun Li|Flip Turn|p2b: Archaludon\n|-resisted|p2b: Archaludon|1\n|-damage|p2b: Archaludon|87/100\n|-ability|p2b: Archaludon|Stamina|boost\n|-boost|p2b: Archaludon|def|1\n|\n|t:|1776553833\n|switch|p1b: Alec'|Dragonite, L50, F, shiny|100/100|[from] Flip Turn\n|move|p2b: Archaludon|Electro Shot||[still]\n|-prepare|p2b: Archaludon|Electro Shot\n|-boost|p2b: Archaludon|spa|1\n|-anim|p2b: Archaludon|Electro Shot|p1a: Nell\n|-supereffective|p1a: Nell|2\n|-damage|p1a: Nell|0 fnt\n|faint|p1a: Nell\n|\n|-weather|RainDance|[upkeep]\n|-heal|p2b: Archaludon|93/100|[from] item: Leftovers\n|upkeep\n|\n|t:|1776553842\n|switch|p1a: Laufey|Sneasler, L50, M|100/100\n|-ability|p1a: Laufey|Pressure\n|turn|2\n|\n|t:|1776553849\n|detailschange|p1b: Alec'|Dragonite-Mega, L50, F, shiny\n|-mega|p1b: Alec'|Dragonite|Dragoninite\n|move|p2a: Pelipper|Icy Wind|p1b: Alec'|[spread] p1a,p1b\n|-supereffective|p1b: Alec'|2\n|-damage|p1a: Laufey|86/100\n|-damage|p1b: Alec'|84/100\n|-unboost|p1a: Laufey|spe|1\n|-unboost|p1b: Alec'|spe|1\n|-enditem|p1a: Laufey|White Herb\n|-clearnegativeboost|p1a: Laufey|[silent]\n|move|p1a: Laufey|Close Combat|p2b: Archaludon\n|-supereffective|p2b: Archaludon|1\n|-damage|p2b: Archaludon|38/100\n|-unboost|p1a: Laufey|def|1\n|-unboost|p1a: Laufey|spd|1\n|-ability|p2b: Archaludon|Stamina|boost\n|-boost|p2b: Archaludon|def|1\n|move|p2b: Archaludon|Draco Meteor|p1b: Alec'\n|-supereffective|p1b: Alec'|1\n|-damage|p1b: Alec'|0 fnt\n|-unboost|p2b: Archaludon|spa|2\n|faint|p1b: Alec'\n|\n|-weather|RainDance|[upkeep]\n|-heal|p2b: Archaludon|44/100|[from] item: Leftovers\n|upkeep\n|\n|t:|1776553854\n|switch|p1b: Yun Li|Starmie, L50, shiny|94/100\n|turn|3\n|\n|t:|1776553873\n|switch|p2a: Sinistcha|Sinistcha, L50|100/100\n|-heal|p2b: Archaludon|69/100|[from] ability: Hospitality|[of] p2a: Sinistcha\n|move|p2b: Archaludon|Protect|p2b: Archaludon\n|-singleturn|p2b: Archaludon|Protect\n|move|p1b: Yun Li|Aqua Jet|p2b: Archaludon\n|-activate|p2b: Archaludon|move: Protect\n|move|p1a: Laufey|Close Combat|p2b: Archaludon\n|-activate|p2b: Archaludon|move: Protect\n|\n|-weather|RainDance|[upkeep]\n|-heal|p2b: Archaludon|75/100|[from] item: Leftovers\n|upkeep\n|turn|4\n|-message|hxrokk forfeited.\n|\n|win|WumblesNSuch\n|raw|hxrokk's rating: 1058 &rarr; <strong>1044</strong><br />(-14 for losing)\n|raw|WumblesNSuch's rating: 1156 &rarr; <strong>1174</strong><br />(+18 for winning)\n",
  "uploadtime": 1776553879,
  "views": 10,
  "formatid": "gen9championsvgc2026regma",
  "rating": 1044,
  "private": 0,
  "password": null
}