{
  "id": "gen9championsvgc2026regma-2586402744",
  "format": "[Gen 9 Champions] VGC 2026 Reg M-A",
  "players": [
    "l0p4m1",
    "zombielord918"
  ],
  "log": "|j|\u2606l0p4m1\n|j|\u2606zombielord918\n|t:|1776432156\n|gametype|doubles\n|player|p1|l0p4m1|parasollady-gen4|1130\n|player|p2|zombielord918|ingo|1106\n|gen|9\n|tier|[Gen 9 Champions] VGC 2026 Reg M-A\n|rated|\n|rule|Species Clause: Limit one of each Pok\u00e9mon\n|rule|Item Clause: Limit 1 of each item\n|clearpoke\n|poke|p1|Floette-Eternal, L50, F|\n|poke|p1|Sylveon, L50, M|\n|poke|p1|Tinkaton, L50, F|\n|poke|p1|Clefable, L50, F|\n|poke|p1|Arcanine, L50, F|\n|poke|p1|Incineroar, L50, F|\n|poke|p2|Chandelure, L50, M|\n|poke|p2|Krookodile, L50, F|\n|poke|p2|Tsareena, L50, F|\n|poke|p2|Kangaskhan, L50, F|\n|poke|p2|Arcanine-Hisui, L50, M|\n|poke|p2|Whimsicott, L50, F|\n|teampreview|4\n|inactive|Battle timer is ON: inactive players will automatically lose when time's up. (requested by zombielord918)\n|inactive|l0p4m1 also wants the timer to be on.\n|\n|t:|1776432176\n|teamsize|p1|4\n|teamsize|p2|4\n|start\n|switch|p1a: Floette|Floette-Eternal, L50, F|100/100\n|switch|p1b: Sylveon|Sylveon, L50, M|100/100\n|switch|p2a: Whimsicott|Whimsicott, L50, F, shiny|100/100\n|switch|p2b: Chandelure|Chandelure, L50, M|100/100\n|turn|1\n|\n|t:|1776432194\n|detailschange|p1a: Floette|Floette-Mega, L50, F\n|-mega|p1a: Floette|Floette|Floettite\n|-ability|p1a: Floette|Fairy Aura\n|detailschange|p2b: Chandelure|Chandelure-Mega, L50, M\n|-mega|p2b: Chandelure|Chandelure|Chandelurite\n|move|p2a: Whimsicott|Tailwind|p2a: Whimsicott\n|-sidestart|p2: zombielord918|move: Tailwind\n|move|p2b: Chandelure|Calm Mind|p2b: Chandelure\n|-boost|p2b: Chandelure|spa|1\n|-boost|p2b: Chandelure|spd|1\n|move|p1b: Sylveon|Hyper Voice|p2a: Whimsicott|[spread] p2a,p2b\n|-resisted|p2b: Chandelure|1\n|-damage|p2a: Whimsicott|17/100\n|-damage|p2b: Chandelure|83/100\n|move|p1a: Floette|Light of Ruin|p2b: Chandelure|[miss]\n|-miss|p1a: Floette|p2b: Chandelure\n|\n|upkeep\n|turn|2\n|\n|t:|1776432219\n|move|p2a: Whimsicott|Sunny Day|p2a: Whimsicott\n|-weather|SunnyDay\n|move|p2b: Chandelure|Calm Mind|p2b: Chandelure\n|-boost|p2b: Chandelure|spa|1\n|-boost|p2b: Chandelure|spd|1\n|move|p1b: Sylveon|Hyper Voice|p2a: Whimsicott|[spread] p2a,p2b\n|-resisted|p2b: Chandelure|1\n|-damage|p2a: Whimsicott|0 fnt\n|-damage|p2b: Chandelure|71/100\n|faint|p2a: Whimsicott\n|move|p1a: Floette|Light of Ruin|p2b: Chandelure\n|-resisted|p2b: Chandelure|1\n|-damage|p2b: Chandelure|43/100\n|-damage|p1a: Floette|85/100|[from] Recoil\n|\n|-weather|SunnyDay|[upkeep]\n|upkeep\n|\n|t:|1776432231\n|switch|p2a: Arcanine|Arcanine-Hisui, L50, M|100/100\n|-ability|p2a: Arcanine|Intimidate|boost\n|-unboost|p1a: Floette|atk|1\n|-unboost|p1b: Sylveon|atk|1\n|turn|3\n|\n|t:|1776432242\n|move|p2a: Arcanine|Flare Blitz|p1a: Floette\n|-damage|p1a: Floette|0 fnt\n|faint|p1a: Floette\n|-damage|p2a: Arcanine|76/100|[from] Recoil\n|move|p2b: Chandelure|Heat Wave|p1b: Sylveon\n|-damage|p1b: Sylveon|0 fnt\n|faint|p1b: Sylveon\n|\n|-weather|SunnyDay|[upkeep]\n|upkeep\n|\n|t:|1776432254\n|switch|p1a: Clefable|Clefable, L50, F|100/100\n|switch|p1b: Incineroar|Incineroar, L50, F|100/100\n|-ability|p1b: Incineroar|Intimidate|boost\n|-unboost|p2a: Arcanine|atk|1\n|-unboost|p2b: Chandelure|atk|1\n|turn|4\n|\n|t:|1776432265\n|switch|p2a: Tsareena|Tsareena, L50, F|100/100\n|move|p1a: Clefable|Follow Me|p1a: Clefable\n|-singleturn|p1a: Clefable|move: Follow Me\n|move|p2b: Chandelure|Heat Wave|p1a: Clefable|[spread] p1a,p1b\n|-resisted|p1b: Incineroar|1\n|-damage|p1a: Clefable|0 fnt\n|-damage|p1b: Incineroar|31/100\n|faint|p1a: Clefable\n|move|p1b: Incineroar|Darkest Lariat|p2b: Chandelure\n|-supereffective|p2b: Chandelure|1\n|-damage|p2b: Chandelure|0 fnt\n|faint|p2b: Chandelure\n|\n|-weather|SunnyDay|[upkeep]\n|-sideend|p2: zombielord918|move: Tailwind\n|upkeep\n|-message|l0p4m1 forfeited.\n|\n|win|zombielord918\n|raw|l0p4m1's rating: 1130 &rarr; <strong>1103</strong><br />(-27 for losing)\n|raw|zombielord918's rating: 1106 &rarr; <strong>1133</strong><br />(+27 for winning)\n|l|\u2606l0p4m1\n|player|p1|\n|c|\u2606zombielord918|gg\n",
  "uploadtime": 1776432277,
  "views": 27,
  "formatid": "gen9championsvgc2026regma",
  "rating": 1103,
  "private": 0,
  "password": null
}