{
  "id": "gen9championsvgc2026regma-2588916833",
  "format": "[Gen 9 Champions] VGC 2026 Reg M-A",
  "players": [
    "ray_game0",
    "De_Naval"
  ],
  "log": "|j|\u2606ray_game0\n|j|\u2606De_Naval\n|t:|1776685626\n|gametype|doubles\n|player|p1|ray_game0|hiker-gen4|1115\n|player|p2|De_Naval|policeman-gen4|1061\n|gen|9\n|tier|[Gen 9 Champions] VGC 2026 Reg M-A\n|rated|\n|rule|Species Clause: Limit one of each Pok\u00e9mon\n|rule|Item Clause: Limit 1 of each item\n|clearpoke\n|poke|p1|Basculegion, L50, M|\n|poke|p1|Glalie, L50, F|\n|poke|p1|Whimsicott, L50, M|\n|poke|p1|Sneasler, L50, M|\n|poke|p1|Gardevoir, L50, M|\n|poke|p1|Hatterene, L50, F|\n|poke|p2|Umbreon, L50, F|\n|poke|p2|Lucario, L50, M|\n|poke|p2|Incineroar, L50, M|\n|poke|p2|Tsareena, L50, F|\n|poke|p2|Primarina, L50, F|\n|poke|p2|Sinistcha, L50|\n|teampreview|4\n|\n|t:|1776685662\n|teamsize|p1|4\n|teamsize|p2|4\n|start\n|switch|p1a: Whimsicott|Whimsicott, L50, M|100/100\n|switch|p1b: Glalie|Glalie, L50, F|100/100\n|switch|p2a: Umbreon|Umbreon, L50, F|100/100\n|switch|p2b: Lucario|Lucario, L50, M|100/100\n|turn|1\n|inactive|Battle timer is ON: inactive players will automatically lose when time's up. (requested by De_Naval)\n|inactive|ray_game0 has 60 seconds left.\n|\n|t:|1776685694\n|detailschange|p1b: Glalie|Glalie-Mega, L50, F\n|-mega|p1b: Glalie|Glalie|Glalitite\n|detailschange|p2b: Lucario|Lucario-Mega, L50, M\n|-mega|p2b: Lucario|Lucario|Lucarionite\n|move|p1a: Whimsicott|Tailwind|p1a: Whimsicott\n|-sidestart|p1: ray_game0|move: Tailwind\n|move|p1b: Glalie|Explosion|p2b: Lucario|[spread] p1a,p2a,p2b\n|-supereffective|p1a: Whimsicott|1\n|-crit|p1a: Whimsicott\n|-resisted|p2b: Lucario|1\n|-damage|p1a: Whimsicott|0 fnt\n|-damage|p2a: Umbreon|29/100\n|-damage|p2b: Lucario|38/100\n|faint|p1b: Glalie\n|faint|p1a: Whimsicott\n|move|p2b: Lucario|Bulk Up|p2b: Lucario\n|-boost|p2b: Lucario|atk|1\n|-boost|p2b: Lucario|def|1\n|move|p2a: Umbreon|Taunt|p1: Whimsicott|[notarget]\n|-fail|p2a: Umbreon\n|\n|-heal|p2a: Umbreon|35/100|[from] item: Leftovers\n|upkeep\n|inactive|ray_game0 has 30 seconds left.\n|\n|t:|1776685723\n|switch|p1a: Basculegion|Basculegion, L50, M|100/100\n|switch|p1b: Sneasler|Sneasler, L50, M|100/100\n|turn|2\n|\n|t:|1776685736\n|switch|p2a: Tsareena|Tsareena, L50, F|100/100\n|move|p2b: Lucario|Protect|p2b: Lucario\n|-singleturn|p2b: Lucario|Protect\n|move|p1b: Sneasler|Fake Out||[still]\n|cant|p2a: Tsareena|ability: Queenly Majesty|Fake Out|[of] p1b: Sneasler\n|move|p1a: Basculegion|Last Respects|p2b: Lucario\n|-activate|p2b: Lucario|move: Protect\n|\n|upkeep\n|turn|3\n|\n|t:|1776685759\n|switch|p2b: Incineroar|Incineroar, L50, M|100/100\n|-ability|p2b: Incineroar|Intimidate|boost\n|-unboost|p1a: Basculegion|atk|1\n|-unboost|p1b: Sneasler|atk|1\n|-enditem|p1b: Sneasler|White Herb\n|-clearnegativeboost|p1b: Sneasler|[silent]\n|move|p1b: Sneasler|Dire Claw|p2a: Tsareena\n|-supereffective|p2a: Tsareena|1\n|-damage|p2a: Tsareena|0 fnt\n|faint|p2a: Tsareena\n|move|p1a: Basculegion|Last Respects|p2b: Incineroar\n|-resisted|p2b: Incineroar|1\n|-damage|p2b: Incineroar|73/100\n|\n|upkeep\n|\n|t:|1776685772\n|switch|p2a: Lucario|Lucario-Mega, L50, M|38/100\n|turn|4\n|-message|De_Naval forfeited.\n|\n|win|ray_game0\n",
  "uploadtime": 1776685628,
  "views": 14,
  "formatid": "gen9championsvgc2026regma",
  "rating": null,
  "private": 0,
  "password": null
}