{
  "id": "gen9championsvgc2026regma-2585732526",
  "format": "[Gen 9 Champions] VGC 2026 Reg M-A",
  "players": [
    "andresid",
    "FallenJedi97"
  ],
  "log": "|j|\u2606andresid\n|j|\u2606FallenJedi97\n|t:|1776366785\n|gametype|doubles\n|player|p1|andresid|1|1100\n|player|p2|FallenJedi97|zinzolin|1073\n|gen|9\n|tier|[Gen 9 Champions] VGC 2026 Reg M-A\n|rated|\n|rule|Species Clause: Limit one of each Pok\u00e9mon\n|rule|Item Clause: Limit 1 of each item\n|clearpoke\n|poke|p1|Gengar, L50, M|\n|poke|p1|Maushold-Four, L50|\n|poke|p1|Kommo-o, L50, M|\n|poke|p1|Politoed, L50, F|\n|poke|p1|Incineroar, L50, M|\n|poke|p1|Sinistcha, L50|\n|poke|p2|Aggron, L50, M|\n|poke|p2|Araquanid, L50, F|\n|poke|p2|Sinistcha, L50|\n|poke|p2|Hatterene, L50, F|\n|poke|p2|Incineroar, L50, M|\n|poke|p2|Aegislash, L50, F|\n|teampreview|4\nFallenJedi97 rejected open team sheets.\n|inactive|Battle timer is ON: inactive players will automatically lose when time's up. (requested by FallenJedi97)\n|inactive|andresid has 60 seconds left.\n|\n|t:|1776366831\n|teamsize|p1|4\n|teamsize|p2|4\n|start\n|switch|p1a: Gengar|Gengar, L50, M|100/100\n|switch|p1b: Politoed|Politoed, L50, F|100/100\n|switch|p2a: Big Yahu|Incineroar, L50, M|100/100\n|switch|p2b: Bug of Death|Araquanid, L50, F|100/100\n|-weather|RainDance|[from] ability: Drizzle|[of] p1b: Politoed\n|-ability|p2a: Big Yahu|Intimidate|boost\n|-unboost|p1a: Gengar|atk|1\n|-unboost|p1b: Politoed|atk|1\n|turn|1\n|inactive|andresid has 30 seconds left.\n|inactive|andresid has 20 seconds left.\n|inactive|andresid has 15 seconds left.\n|\n|t:|1776366876\n|detailschange|p1a: Gengar|Gengar-Mega, L50, M\n|-mega|p1a: Gengar|Gengar|Gengarite\n|move|p2a: Big Yahu|Fake Out|p1b: Politoed\n|-damage|p1b: Politoed|91/100\n|move|p1a: Gengar|Will-O-Wisp|p2b: Bug of Death\n|-immune|p2b: Bug of Death|[from] ability: Water Bubble\n|cant|p1b: Politoed|flinch\n|move|p2b: Bug of Death|Liquidation|p1a: Gengar\n|-damage|p1a: Gengar|0 fnt\n|faint|p1a: Gengar\n|\n|-weather|RainDance|[upkeep]\n|-heal|p1b: Politoed|97/100|[from] item: Leftovers\n|upkeep\n|c|\u2606FallenJedi97|watch this\n|n|!FallenJedi97|fallenjedi97\n|\n|t:|1776366894\n|switch|p1a: Incineroar|Incineroar, L50, M|100/100\n|-ability|p1a: Incineroar|Intimidate|boost\n|-unboost|p2a: Big Yahu|atk|1\n|-unboost|p2b: Bug of Death|atk|1\n|turn|2\n|\n|t:|1776366910\n|switch|p2a: White Woman|Sinistcha, L50|100/100\n|move|p2b: Bug of Death|Protect|p2b: Bug of Death\n|-singleturn|p2b: Bug of Death|Protect\n|move|p1a: Incineroar|Fake Out|p2b: Bug of Death\n|-activate|p2b: Bug of Death|move: Protect\n|move|p1b: Politoed|Muddy Water|p2a: White Woman|[spread] p2a\n|-activate|p2b: Bug of Death|move: Protect\n|-resisted|p2a: White Woman|1\n|-damage|p2a: White Woman|84/100\n|\n|-weather|RainDance|[upkeep]\n|-heal|p1b: Politoed|100/100|[from] item: Leftovers\n|-heal|p2a: White Woman|90/100|[from] item: Leftovers\n|upkeep\n|turn|3\n|-message|andresid forfeited.\n|\n|win|FallenJedi97\n",
  "uploadtime": 1776366891,
  "views": 15,
  "formatid": "gen9championsvgc2026regma",
  "rating": null,
  "private": 0,
  "password": null
}