{
  "id": "gen9championsvgc2026regma-2580411996",
  "format": "[Gen 9 Champions] VGC 2026 Reg M-A",
  "players": [
    "Any Mexican",
    "TorkoalWQuickclaw"
  ],
  "log": "|j|\u2606Any Mexican\n|j|\u2606TorkoalWQuickclaw\n|t:|1775892539\n|gametype|doubles\n|player|p1|Any Mexican|gardenia|1120\n|player|p2|TorkoalWQuickclaw|169|1139\n|gen|9\n|tier|[Gen 9 Champions] VGC 2026 Reg M-A\n|rated|\n|rule|Species Clause: Limit one of each Pok\u00e9mon\n|rule|Item Clause: Limit 1 of each item\n|clearpoke\n|poke|p1|Pelipper, L50, F|\n|poke|p1|Dragonite, L50, M|\n|poke|p1|Whimsicott, L50, F|\n|poke|p1|Archaludon, L50, F|\n|poke|p1|Sneasler, L50, M|\n|poke|p1|Kingambit, L50, M|\n|poke|p2|Floette-Eternal, L50, F|\n|poke|p2|Maushold, L50|\n|poke|p2|Garchomp, L50, M|\n|poke|p2|Talonflame, L50, F|\n|poke|p2|Rotom-Wash, L50|\n|poke|p2|Aegislash, L50, M|\n|teampreview|4\n|inactive|Battle timer is ON: inactive players will automatically lose when time's up. (requested by Any Mexican)\nTorkoalWQuickclaw has agreed to open team sheets.\n|inactive|Any Mexican has 60 seconds left.\n|\n|t:|1775892582\n|teamsize|p1|4\n|teamsize|p2|4\n|start\n|switch|p1a: Sneasler|Sneasler, L50, M|100/100\n|switch|p1b: Archaludon|Archaludon, L50, F|100/100\n|switch|p2a: Garchomp|Garchomp, L50, M|100/100\n|switch|p2b: Talonflame|Talonflame, L50, F|100/100\n|turn|1\n|inactive|Any Mexican has 30 seconds left.\n|\n|t:|1775892615\n|switch|p1b: Pelipper|Pelipper, L50, F|100/100\n|-weather|RainDance|[from] ability: Drizzle|[of] p1b: Pelipper\n|move|p2b: Talonflame|Protect|p2b: Talonflame\n|-singleturn|p2b: Talonflame|Protect\n|move|p2a: Garchomp|Protect|p2a: Garchomp\n|-singleturn|p2a: Garchomp|Protect\n|move|p1a: Sneasler|Fake Out|p2b: Talonflame\n|-activate|p2b: Talonflame|move: Protect\n|\n|-weather|RainDance|[upkeep]\n|upkeep\n|turn|2\n|\n|t:|1775892641\n|move|p2b: Talonflame|Acrobatics|p1a: Sneasler\n|-supereffective|p1a: Sneasler|1\n|-crit|p1a: Sneasler\n|-enditem|p1a: Sneasler|Focus Sash\n|-damage|p1a: Sneasler|1/100\n|move|p1a: Sneasler|Rock Slide|p2b: Talonflame|[spread] p2a,p2b\n|-resisted|p2a: Garchomp|1\n|-supereffective|p2b: Talonflame|2\n|-damage|p2a: Garchomp|91/100\n|-damage|p2b: Talonflame|0 fnt\n|faint|p2b: Talonflame\n|move|p2a: Garchomp|Stone Edge|p1b: Pelipper\n|-supereffective|p1b: Pelipper|1\n|-damage|p1b: Pelipper|45/100\n|-enditem|p1b: Pelipper|Sitrus Berry|[eat]\n|-heal|p1b: Pelipper|70/100|[from] item: Sitrus Berry\n|move|p1b: Pelipper|Tailwind|p1b: Pelipper\n|-sidestart|p1: Any Mexican|move: Tailwind\n|\n|-weather|RainDance|[upkeep]\n|upkeep\n|\n|t:|1775892649\n|switch|p2b: Rotom|Rotom-Wash, L50|100/100\n|turn|3\n|\n|t:|1775892671\n|switch|p1b: Archaludon|Archaludon, L50, F|100/100\n|move|p1a: Sneasler|Close Combat|p2b: Rotom\n|-damage|p2b: Rotom|33/100\n|-unboost|p1a: Sneasler|def|1\n|-unboost|p1a: Sneasler|spd|1\n|-enditem|p2b: Rotom|Sitrus Berry|[eat]\n|-heal|p2b: Rotom|58/100|[from] item: Sitrus Berry\n|move|p2a: Garchomp|Earthquake|p1b: Archaludon|[spread] p1a,p1b\n|-immune|p2b: Rotom|[from] ability: Levitate\n|-supereffective|p1a: Sneasler|1\n|-supereffective|p1b: Archaludon|1\n|-damage|p1a: Sneasler|0 fnt\n|-damage|p1b: Archaludon|39/100\n|-ability|p1b: Archaludon|Stamina|boost\n|-boost|p1b: Archaludon|def|1\n|faint|p1a: Sneasler\n|move|p2b: Rotom|Volt Switch|p1b: Archaludon\n|-resisted|p1b: Archaludon|1\n|-damage|p1b: Archaludon|23/100\n|-ability|p1b: Archaludon|Stamina|boost\n|-boost|p1b: Archaludon|def|1\n|\n|t:|1775892675\n|switch|p2b: Floette|Floette-Eternal, L50, F|100/100|[from] Volt Switch\n|\n|-weather|RainDance|[upkeep]\n|-heal|p1b: Archaludon|29/100|[from] item: Leftovers\n|upkeep\n|\n|t:|1775892694\n|switch|p1a: Dragonite|Dragonite, L50, M, shiny|100/100\n|turn|4\n|\n|t:|1775892712\n|detailschange|p1a: Dragonite|Dragonite-Mega, L50, M, shiny\n|-mega|p1a: Dragonite|Dragonite|Dragoninite\n|detailschange|p2b: Floette|Floette-Mega, L50, F\n|-mega|p2b: Floette|Floette|Floettite\n|-ability|p2b: Floette|Fairy Aura\n|move|p1a: Dragonite|Hurricane|p2b: Floette\n|-damage|p2b: Floette|54/100\n|-start|p2b: Floette|confusion\n|move|p1b: Archaludon|Draco Meteor|p2a: Garchomp\n|-supereffective|p2a: Garchomp|1\n|-damage|p2a: Garchomp|0 fnt\n|-unboost|p1b: Archaludon|spa|2\n|faint|p2a: Garchomp\n|-activate|p2b: Floette|confusion\n|move|p2b: Floette|Dazzling Gleam|p1b: Archaludon|[spread] p1a,p1b\n|-supereffective|p1a: Dragonite|1\n|-damage|p1a: Dragonite|64/100\n|-damage|p1b: Archaludon|0 fnt\n|faint|p1b: Archaludon\n|\n|-weather|RainDance|[upkeep]\n|upkeep\n|\n|t:|1775892731\n|switch|p2a: Rotom|Rotom-Wash, L50|58/100\n|switch|p1b: Pelipper|Pelipper, L50, F|70/100\n|turn|5\n|inactive|Any Mexican has 30 seconds left.\n|\n|t:|1775892762\n|-activate|p2b: Floette|confusion\n|move|p2b: Floette|Protect|p2b: Floette\n|-singleturn|p2b: Floette|Protect\n|move|p1a: Dragonite|Hurricane|p2b: Floette\n|-activate|p2b: Floette|move: Protect\n|move|p1b: Pelipper|Hurricane|p2b: Floette\n|-activate|p2b: Floette|move: Protect\n|move|p2a: Rotom|Thunderbolt|p1a: Dragonite\n|-damage|p1a: Dragonite|32/100\n|\n|-weather|none\n|-sideend|p1: Any Mexican|move: Tailwind\n|upkeep\n|turn|6\n|inactive|Any Mexican has 30 seconds left.\n|\n|t:|1775892796\n|-end|p2b: Floette|confusion\n|move|p2b: Floette|Moonblast|p1a: Dragonite\n|-supereffective|p1a: Dragonite|1\n|-damage|p1a: Dragonite|0 fnt\n|faint|p1a: Dragonite\n|move|p2a: Rotom|Thunderbolt|p1b: Pelipper\n|-supereffective|p1b: Pelipper|2\n|-damage|p1b: Pelipper|0 fnt\n|faint|p1b: Pelipper\n|\n|win|TorkoalWQuickclaw\n|raw|Any Mexican's rating: 1120 &rarr; <strong>1096</strong><br />(-24 for losing)\n|raw|TorkoalWQuickclaw's rating: 1139 &rarr; <strong>1163</strong><br />(+24 for winning)\n|l|\u2606Any Mexican\n|player|p1|\n|l|\u2606TorkoalWQuickclaw\n|player|p2|\n",
  "uploadtime": 1775892875,
  "views": 18,
  "formatid": "gen9championsvgc2026regma",
  "rating": 1096,
  "private": 0,
  "password": null
}