{
  "id": "gen9championsvgc2026regma-2588125740",
  "format": "[Gen 9 Champions] VGC 2026 Reg M-A",
  "players": [
    "fluffyboio",
    "aeronash"
  ],
  "log": "|j|\u2606fluffyboio\n|j|\u2606aeronash\n|t:|1776607001\n|gametype|doubles\n|player|p1|fluffyboio|265|1010\n|player|p2|aeronash|raihan-masters|1024\n|gen|9\n|tier|[Gen 9 Champions] VGC 2026 Reg M-A\n|rated|\n|rule|Species Clause: Limit one of each Pok\u00e9mon\n|rule|Item Clause: Limit 1 of each item\n|clearpoke\n|poke|p1|Gengar, L50, F, shiny|\n|poke|p1|Typhlosion-Hisui, L50, F|\n|poke|p1|Torkoal, L50, F|\n|poke|p1|Farigiraf, L50, M|\n|poke|p1|Maushold, L50|\n|poke|p1|Heracross, L50, M|\n|poke|p2|Hydreigon, L50, M, shiny|\n|poke|p2|Mamoswine, L50, M, shiny|\n|poke|p2|Froslass, L50, F, shiny|\n|poke|p2|Empoleon, L50, M, shiny|\n|poke|p2|Rotom-Heat, L50, shiny|\n|poke|p2|Gyarados, L50, M, shiny|\n|teampreview|4\n|inactive|Battle timer is ON: inactive players will automatically lose when time's up. (requested by aeronash)\n|\n|t:|1776607046\n|teamsize|p1|4\n|teamsize|p2|4\n|start\n|switch|p1a: Gengar|Gengar, L50, F, shiny|100/100\n|switch|p1b: Maushold|Maushold, L50|100/100\n|switch|p2a: Brutal|Hydreigon, L50, M, shiny|100/100\n|switch|p2b: Twin Tusk|Mamoswine, L50, M, shiny|100/100\n|turn|1\n|\n|t:|1776607057\n|detailschange|p1a: Gengar|Gengar-Mega, L50, F, shiny\n|-mega|p1a: Gengar|Gengar|Gengarite\n|move|p2b: Twin Tusk|Protect|p2b: Twin Tusk\n|-singleturn|p2b: Twin Tusk|Protect\n|move|p1b: Maushold|Follow Me|p1b: Maushold\n|-singleturn|p1b: Maushold|move: Follow Me\n|move|p1a: Gengar|Perish Song|p1a: Gengar\n|-start|p1a: Gengar|perish3|[silent]\n|-start|p1b: Maushold|perish3|[silent]\n|-start|p2a: Brutal|perish3|[silent]\n|-start|p2b: Twin Tusk|perish3|[silent]\n|-fieldactivate|move: Perish Song\n|move|p2a: Brutal|Tailwind|p2a: Brutal\n|-sidestart|p2: aeronash|move: Tailwind\n|\n|-start|p2a: Brutal|perish3\n|-start|p2b: Twin Tusk|perish3\n|-start|p1a: Gengar|perish3\n|-start|p1b: Maushold|perish3\n|upkeep\n|turn|2\n|inactive|fluffyboio has 30 seconds left.\n|\n|t:|1776607089\n|move|p1a: Gengar|Protect|p1a: Gengar\n|-singleturn|p1a: Gengar|Protect\n|move|p1b: Maushold|Protect|p1b: Maushold\n|-singleturn|p1b: Maushold|Protect\n|move|p2a: Brutal|Draco Meteor|p1b: Maushold\n|-activate|p1b: Maushold|move: Protect\n|move|p2b: Twin Tusk|Earthquake|p1b: Maushold|[spread] \n|-activate|p1a: Gengar|move: Protect\n|-activate|p1b: Maushold|move: Protect\n|-immune|p2a: Brutal|[from] ability: Levitate\n|\n|-start|p2a: Brutal|perish2\n|-start|p2b: Twin Tusk|perish2\n|-start|p1a: Gengar|perish2\n|-start|p1b: Maushold|perish2\n|upkeep\n|turn|3\n|\n|t:|1776607109\n|move|p1b: Maushold|Follow Me|p1b: Maushold\n|-singleturn|p1b: Maushold|move: Follow Me\n|move|p2a: Brutal|Draco Meteor|p1b: Maushold\n|-damage|p1b: Maushold|19/100\n|-unboost|p2a: Brutal|spa|2\n|move|p2b: Twin Tusk|Earthquake|p1a: Gengar|[spread] p1a,p1b\n|-immune|p2a: Brutal|[from] ability: Levitate\n|-supereffective|p1a: Gengar|1\n|-damage|p1a: Gengar|0 fnt\n|-damage|p1b: Maushold|0 fnt\n|faint|p1a: Gengar\n|faint|p1b: Maushold\n|\n|-start|p2a: Brutal|perish1\n|-start|p2b: Twin Tusk|perish1\n|upkeep\n|\n|t:|1776607122\n|switch|p1a: Typhlosion|Typhlosion-Hisui, L50, F|100/100\n|switch|p1b: Torkoal|Torkoal, L50, F|100/100\n|-weather|SunnyDay|[from] ability: Drought|[of] p1b: Torkoal\n|turn|4\n|\n|t:|1776607136\n|move|p1b: Torkoal|Helping Hand|p1a: Typhlosion\n|-singleturn|p1a: Typhlosion|Helping Hand|[of] p1b: Torkoal\n|move|p2a: Brutal|Draco Meteor|p1b: Torkoal\n|-damage|p1b: Torkoal|50/100\n|-unboost|p2a: Brutal|spa|2\n|move|p2b: Twin Tusk|Earthquake|p1b: Torkoal|[spread] p1a,p1b\n|-immune|p2a: Brutal|[from] ability: Levitate\n|-supereffective|p1a: Typhlosion|1\n|-supereffective|p1b: Torkoal|1\n|-damage|p1a: Typhlosion|0 fnt\n|-damage|p1b: Torkoal|0 fnt\n|faint|p1a: Typhlosion\n|faint|p1b: Torkoal\n|\n|win|aeronash\n|raw|fluffyboio's rating: 1010 &rarr; <strong>1000</strong><br />(-10 for losing)\n|raw|aeronash's rating: 1024 &rarr; <strong>1059</strong><br />(+35 for winning)\n|l|\u2606fluffyboio\n|player|p1|\n",
  "uploadtime": 1776607149,
  "views": 28,
  "formatid": "gen9championsvgc2026regma",
  "rating": 1000,
  "private": 0,
  "password": null
}