{
  "id": "gen9championsvgc2026regma-2583157473",
  "format": "[Gen 9 Champions] VGC 2026 Reg M-A",
  "players": [
    "derpybaits",
    "Dets"
  ],
  "log": "|j|\u2606derpybaits\n|j|\u2606Dets\n|t:|1776149009\n|gametype|doubles\n|player|p1|derpybaits|102|1121\n|player|p2|Dets|steven|1082\n|gen|9\n|tier|[Gen 9 Champions] VGC 2026 Reg M-A\n|rated|\n|rule|Species Clause: Limit one of each Pok\u00e9mon\n|rule|Item Clause: Limit 1 of each item\n|clearpoke\n|poke|p1|Blastoise, L50, M|\n|poke|p1|Pelipper, L50, M|\n|poke|p1|Sinistcha, L50|\n|poke|p1|Sneasler, L50, F|\n|poke|p1|Garchomp, L50, F|\n|poke|p1|Kingambit, L50, F|\n|poke|p2|Gengar, L50, M|\n|poke|p2|Aegislash, L50, F|\n|poke|p2|Aerodactyl, L50, F|\n|poke|p2|Garchomp, L50, M|\n|poke|p2|Tyranitar, L50, M|\n|poke|p2|Sinistcha, L50|\n|teampreview|4\n|inactive|Battle timer is ON: inactive players will automatically lose when time's up. (requested by Dets)\n|\n|t:|1776149031\n|teamsize|p1|4\n|teamsize|p2|4\n|start\n|switch|p1a: Blastoise|Blastoise, L50, M|100/100\n|switch|p1b: Sinistcha|Sinistcha, L50|100/100\n|switch|p2a: Aegislash|Aegislash, L50, F|100/100\n|switch|p2b: Tyranitar|Tyranitar, L50, M|100/100\n|-weather|Sandstorm|[from] ability: Sand Stream|[of] p2b: Tyranitar\n|turn|1\n|inactive|Dets has 30 seconds left.\n|inactive|Dets has 20 seconds left.\n|inactive|Dets has 15 seconds left.\n|\n|t:|1776149075\n|detailschange|p1a: Blastoise|Blastoise-Mega, L50, M\n|-mega|p1a: Blastoise|Blastoise|Blastoisinite\n|move|p1b: Sinistcha|Rage Powder|p1b: Sinistcha\n|-singleturn|p1b: Sinistcha|move: Rage Powder\n|move|p1a: Blastoise|Shell Smash|p1a: Blastoise\n|-unboost|p1a: Blastoise|def|1\n|-unboost|p1a: Blastoise|spd|1\n|-boost|p1a: Blastoise|atk|2\n|-boost|p1a: Blastoise|spa|2\n|-boost|p1a: Blastoise|spe|2\n|move|p2b: Tyranitar|Thunder Punch|p1b: Sinistcha\n|-resisted|p1b: Sinistcha|1\n|-damage|p1b: Sinistcha|86/100\n|move|p2a: Aegislash|Swords Dance|p2a: Aegislash\n|-boost|p2a: Aegislash|atk|2\n|\n|-weather|Sandstorm|[upkeep]\n|-damage|p1a: Blastoise|95/100|[from] Sandstorm\n|-damage|p1b: Sinistcha|80/100|[from] Sandstorm\n|upkeep\n|turn|2\n|\n|t:|1776149093\n|switch|p1b: Pelipper|Pelipper, L50, M|100/100\n|-weather|RainDance|[from] ability: Drizzle|[of] p1b: Pelipper\n|switch|p2b: Sinistcha|Sinistcha, L50|100/100\n|move|p2a: Aegislash|King's Shield|p2a: Aegislash\n|-singleturn|p2a: Aegislash|Protect\n|move|p1a: Blastoise|Water Spout|p2a: Aegislash|[spread] p2b\n|-activate|p2a: Aegislash|move: Protect\n|-resisted|p2b: Sinistcha|1\n|-damage|p2b: Sinistcha|0 fnt\n|faint|p2b: Sinistcha\n|\n|-weather|RainDance|[upkeep]\n|upkeep\n|\n|t:|1776149097\n|switch|p2b: Tyranitar|Tyranitar, L50, M|100/100\n|-weather|Sandstorm|[from] ability: Sand Stream|[of] p2b: Tyranitar\n|turn|3\n|\n|t:|1776149107\n|switch|p1b: Sinistcha|Sinistcha, L50|80/100\n|-heal|p1a: Blastoise|100/100|[from] ability: Hospitality|[of] p1b: Sinistcha\n|move|p1a: Blastoise|Protect|p1a: Blastoise\n|-singleturn|p1a: Blastoise|Protect\n|move|p2b: Tyranitar|Thunder Punch|p1b: Sinistcha\n|-resisted|p1b: Sinistcha|1\n|-crit|p1b: Sinistcha\n|-damage|p1b: Sinistcha|59/100\n|move|p2a: Aegislash|Swords Dance|p2a: Aegislash\n|-boost|p2a: Aegislash|atk|2\n|\n|-weather|Sandstorm|[upkeep]\n|-damage|p1a: Blastoise|95/100|[from] Sandstorm\n|-damage|p1b: Sinistcha|53/100|[from] Sandstorm\n|upkeep\n|turn|4\n|\n|t:|1776149116\n|switch|p1b: Pelipper|Pelipper, L50, M|100/100\n|-weather|RainDance|[from] ability: Drizzle|[of] p1b: Pelipper\n|-formechange|p2a: Aegislash|Aegislash-Blade|\n|move|p2a: Aegislash|Shadow Sneak|p1b: Pelipper\n|-damage|p1b: Pelipper|10/100\n|move|p1a: Blastoise|Water Spout|p2a: Aegislash|[spread] p2a,p2b\n|-supereffective|p2b: Tyranitar|1\n|-damage|p2a: Aegislash|0 fnt\n|-damage|p2b: Tyranitar|0 fnt\n|faint|p2a: Aegislash\n|faint|p2b: Tyranitar\n|\n|-weather|RainDance|[upkeep]\n|upkeep\n|-message|Dets forfeited.\n|\n|win|derpybaits\n|raw|derpybaits's rating: 1121 &rarr; <strong>1143</strong><br />(+22 for winning)\n|raw|Dets's rating: 1082 &rarr; <strong>1062</strong><br />(-20 for losing)\n|l|\u2606Dets\n|player|p2|\n",
  "uploadtime": 1776149130,
  "views": 17,
  "formatid": "gen9championsvgc2026regma",
  "rating": 1062,
  "private": 0,
  "password": null
}