{
  "id": "gen9championsvgc2026regma-2586685558",
  "format": "[Gen 9 Champions] VGC 2026 Reg M-A",
  "players": [
    "dmk_404",
    "ChrisMoltisantiVGC"
  ],
  "log": "|j|\u2606dmk_404\n|j|\u2606ChrisMoltisantiVGC\n|t:|1776452084\n|gametype|doubles\n|player|p1|dmk_404|gambler|1067\n|player|p2|ChrisMoltisantiVGC|galacticgruntf|1123\n|gen|9\n|tier|[Gen 9 Champions] VGC 2026 Reg M-A\n|rated|\n|rule|Species Clause: Limit one of each Pok\u00e9mon\n|rule|Item Clause: Limit 1 of each item\n|clearpoke\n|poke|p1|Crabominable, L50, M|\n|poke|p1|Sinistcha, L50|\n|poke|p1|Hatterene, L50, F|\n|poke|p1|Torkoal, L50, F|\n|poke|p1|Farigiraf, L50, F|\n|poke|p1|Kingambit, L50, M|\n|poke|p2|Sableye, L50, F|\n|poke|p2|Floette-Eternal, L50, F|\n|poke|p2|Sneasler, L50, M|\n|poke|p2|Typhlosion-Hisui, L50, F|\n|poke|p2|Volcarona, L50, F|\n|poke|p2|Zoroark-Hisui, L50, F|\n|teampreview|4\ndmk_404 rejected open team sheets.\n|\n|t:|1776452121\n|teamsize|p1|4\n|teamsize|p2|4\n|start\n|switch|p1a: Torkoal|Torkoal, L50, F|100/100\n|switch|p1b: jane|Sinistcha, L50|100/100\n|switch|p2a: Volcarona|Volcarona, L50, F|100/100\n|switch|p2b: Sableye|Sableye, L50, F|100/100\n|-weather|SunnyDay|[from] ability: Drought|[of] p1a: Torkoal\n|turn|1\n|\n|t:|1776452137\n|move|p1b: jane|Rage Powder|p1b: jane\n|-singleturn|p1b: jane|move: Rage Powder\n|move|p2b: Sableye|Taunt|p1b: jane\n|-start|p1b: jane|move: Taunt\n|-enditem|p1b: jane|Mental Herb\n|-end|p1b: jane|move: Taunt\n|move|p2a: Volcarona|Quiver Dance|p2a: Volcarona\n|-boost|p2a: Volcarona|spa|1\n|-boost|p2a: Volcarona|spd|1\n|-boost|p2a: Volcarona|spe|1\n|move|p1a: Torkoal|Overheat|p2b: Sableye\n|-damage|p2b: Sableye|6/100\n|-unboost|p1a: Torkoal|spa|2\n|-enditem|p1a: Torkoal|White Herb\n|-clearnegativeboost|p1a: Torkoal|[silent]\n|\n|-weather|SunnyDay|[upkeep]\n|upkeep\n|turn|2\n|\n|t:|1776452155\n|move|p2b: Sableye|Light Screen|p2b: Sableye\n|-sidestart|p2: ChrisMoltisantiVGC|move: Light Screen\n|move|p2a: Volcarona|Heat Wave|p1a: Torkoal|[spread] p1a,p1b\n|-resisted|p1a: Torkoal|1\n|-supereffective|p1b: jane|1\n|-damage|p1a: Torkoal|56/100\n|-damage|p1b: jane|0 fnt\n|faint|p1b: jane\n|move|p1a: Torkoal|Heat Wave|p2b: Sableye|[spread] p2a,p2b\n|-damage|p2a: Volcarona|83/100\n|-damage|p2b: Sableye|0 fnt\n|faint|p2b: Sableye\n|\n|-weather|SunnyDay|[upkeep]\n|-heal|p2a: Volcarona|89/100|[from] item: Leftovers\n|upkeep\n|\n|t:|1776452166\n|switch|p1b: Farigiraf|Farigiraf, L50, F|100/100\n|switch|p2b: Typhlosion|Typhlosion-Hisui, L50, F|100/100\n|-item|p1b: Farigiraf|Sitrus Berry|[from] ability: Frisk|[of] p2b: Typhlosion\n|turn|3\n|\n|t:|1776452175\n|move|p2b: Typhlosion|Eruption|p1a: Torkoal|[spread] p1a,p1b\n|-resisted|p1a: Torkoal|1\n|-damage|p1a: Torkoal|3/100\n|-damage|p1b: Farigiraf|17/100\n|-enditem|p1b: Farigiraf|Sitrus Berry|[eat]\n|-heal|p1b: Farigiraf|42/100|[from] item: Sitrus Berry\n|move|p2a: Volcarona|Heat Wave|p1b: Farigiraf|[spread] p1a,p1b\n|-resisted|p1a: Torkoal|1\n|-damage|p1a: Torkoal|0 fnt\n|-damage|p1b: Farigiraf|0 fnt\n|faint|p1a: Torkoal\n|faint|p1b: Farigiraf\n|\n|-weather|SunnyDay|[upkeep]\n|-heal|p2a: Volcarona|95/100|[from] item: Leftovers\n|upkeep\n|-message|dmk_404 forfeited.\n|\n|win|ChrisMoltisantiVGC\n|raw|dmk_404's rating: 1067 &rarr; <strong>1050</strong><br />(-17 for losing)\n|raw|ChrisMoltisantiVGC's rating: 1123 &rarr; <strong>1144</strong><br />(+21 for winning)\n|l|\u2606dmk_404\n|player|p1|\n",
  "uploadtime": 1776452190,
  "views": 34,
  "formatid": "gen9championsvgc2026regma",
  "rating": 1050,
  "private": 0,
  "password": null
}