{
  "id": "gen9championsvgc2026regma-2588246754",
  "format": "[Gen 9 Champions] VGC 2026 Reg M-A",
  "players": [
    "Mr. Pokermanz",
    "Beastlybull"
  ],
  "log": "|j|\u2606Mr. Pokermanz\n|j|\u2606Beastlybull\n|t:|1776617773\n|gametype|doubles\n|player|p1|Mr. Pokermanz|2|1026\n|player|p2|Beastlybull|benga|1000\n|gen|9\n|tier|[Gen 9 Champions] VGC 2026 Reg M-A\n|rated|\n|rule|Species Clause: Limit one of each Pok\u00e9mon\n|rule|Item Clause: Limit 1 of each item\n|clearpoke\n|poke|p1|Hawlucha, L50, M|\n|poke|p1|Excadrill, L50, F|\n|poke|p1|Incineroar, L50, M|\n|poke|p1|Farigiraf, L50, M|\n|poke|p1|Aerodactyl, L50, F|\n|poke|p1|Sneasler, L50, M|\n|poke|p2|Feraligatr, L50, M|\n|poke|p2|Farigiraf, L50, F|\n|poke|p2|Gardevoir, L50, M|\n|poke|p2|Sneasler, L50, M|\n|poke|p2|Kingambit, L50, M|\n|poke|p2|Alcremie, L50, F|\n|teampreview|4\n|\n|t:|1776617815\n|teamsize|p1|4\n|teamsize|p2|4\n|start\n|switch|p1a: Hawlucha|Hawlucha, L50, M|100/100\n|switch|p1b: Excadrill|Excadrill, L50, F|100/100\n|switch|p2a: Kingambit|Kingambit, L50, M|100/100\n|switch|p2b: Farigiraf|Farigiraf, L50, F|100/100\n|turn|1\n|\n|t:|1776617839\n|detailschange|p1a: Hawlucha|Hawlucha-Mega, L50, M\n|-mega|p1a: Hawlucha|Hawlucha|Hawluchanite\n|move|p1a: Hawlucha|Entrainment|p1b: Excadrill\n|-ability|p1b: Excadrill|No Guard|Sand Rush|[from] move: Entrainment|[of] p1a: Hawlucha\n|move|p1b: Excadrill|Fissure|p2b: Farigiraf\n|-damage|p2b: Farigiraf|0 fnt\n|faint|p2b: Farigiraf\n|-ohko\n|move|p2a: Kingambit|Iron Head|p1b: Excadrill\n|-resisted|p1b: Excadrill|1\n|-damage|p1b: Excadrill|73/100\n|\n|upkeep\n|\n|t:|1776617851\n|switch|p2b: Sneasler|Sneasler, L50, M|100/100\n|turn|2\n|\n|t:|1776617859\n|move|p1a: Hawlucha|Quick Guard|p1a: Hawlucha\n|-singleturn|p1a: Hawlucha|Quick Guard\n|move|p2b: Sneasler|Fake Out|p1b: Excadrill\n|-activate|p1b: Excadrill|move: Quick Guard\n|move|p1b: Excadrill|Fissure|p2a: Kingambit\n|-damage|p2a: Kingambit|0 fnt\n|faint|p2a: Kingambit\n|-ohko\n|\n|upkeep\n|\n|t:|1776617870\n|switch|p2a: Feraligatr|Feraligatr, L50, M|100/100\n|turn|3\n|\n|t:|1776617891\n|detailschange|p2a: Feraligatr|Feraligatr-Mega, L50, M\n|-mega|p2a: Feraligatr|Feraligatr|Feraligite\n|move|p1a: Hawlucha|Feint|p2a: Feraligatr\n|-damage|p2a: Feraligatr|91/100\n|move|p1b: Excadrill|Fissure|p2a: Feraligatr\n|-damage|p2a: Feraligatr|0 fnt\n|faint|p2a: Feraligatr\n|-ohko\n|move|p2b: Sneasler|Coaching|p2: Feraligatr|[notarget]\n|-fail|p2b: Sneasler\n|\n|upkeep\n|turn|4\n|\n|t:|1776617905\n|move|p1a: Hawlucha|Feint|p2b: Sneasler\n|-damage|p2b: Sneasler|81/100\n|move|p1b: Excadrill|Fissure|p2b: Sneasler\n|-damage|p2b: Sneasler|0 fnt\n|faint|p2b: Sneasler\n|-ohko\n|\n|win|Mr. Pokermanz\n|raw|Mr. Pokermanz's rating: 1026 &rarr; <strong>1059</strong><br />(+33 for winning)\n|raw|Beastlybull's rating: 1000 &rarr; <strong>1000</strong><br />(+0 for losing)\n",
  "uploadtime": 1776617913,
  "views": 11,
  "formatid": "gen9championsvgc2026regma",
  "rating": 1000,
  "private": 0,
  "password": null
}