{
  "id": "gen9championsvgc2026regma-2585825102",
  "format": "[Gen 9 Champions] VGC 2026 Reg M-A",
  "players": [
    "kingklaudius",
    "yuriimon"
  ],
  "log": "|j|\u2606kingklaudius\n|j|\u2606yuriimon\n|t:|1776373425\n|gametype|doubles\n|player|p1|kingklaudius|hiker-gen4|1105\n|player|p2|yuriimon|waitress-gen4|1094\n|gen|9\n|tier|[Gen 9 Champions] VGC 2026 Reg M-A\n|rated|\n|rule|Species Clause: Limit one of each Pok\u00e9mon\n|rule|Item Clause: Limit 1 of each item\n|clearpoke\n|poke|p1|Sinistcha, L50|\n|poke|p1|Incineroar, L50, F|\n|poke|p1|Pelipper, L50, M|\n|poke|p1|Aggron, L50, M|\n|poke|p1|Clefable, L50, F|\n|poke|p1|Sneasler, L50, M|\n|poke|p2|Glimmora, L50, F|\n|poke|p2|Incineroar, L50, M|\n|poke|p2|Politoed, L50, M|\n|poke|p2|Basculegion, L50, M|\n|poke|p2|Chesnaught, L50, F|\n|poke|p2|Dragapult, L50, F|\n|teampreview|4\n|inactive|Battle timer is ON: inactive players will automatically lose when time's up. (requested by kingklaudius)\n|inactive|yuriimon also wants the timer to be on.\n|inactive|kingklaudius has 60 seconds left.\n|inactive|yuriimon has 60 seconds left.\n|\n|t:|1776373469\n|teamsize|p1|4\n|teamsize|p2|4\n|start\n|switch|p1a: Sneasler|Sneasler, L50, M|100/100\n|switch|p1b: Aggron|Aggron, L50, M|100/100\n|switch|p2a: Glimmora|Glimmora, L50, F|100/100\n|switch|p2b: Dragapult|Dragapult, L50, F|100/100\n|turn|1\n|\n|t:|1776373487\n|detailschange|p2a: Glimmora|Glimmora-Mega, L50, F\n|-mega|p2a: Glimmora|Glimmora|Glimmoranite\n|detailschange|p1b: Aggron|Aggron-Mega, L50, M\n|-mega|p1b: Aggron|Aggron|Aggronite\n|move|p2a: Glimmora|Protect|p2a: Glimmora\n|-singleturn|p2a: Glimmora|Protect\n|move|p1a: Sneasler|Fake Out|p2a: Glimmora\n|-activate|p2a: Glimmora|move: Protect\n|move|p2b: Dragapult|Will-O-Wisp|p1b: Aggron\n|-status|p1b: Aggron|brn\n|move|p1b: Aggron|Iron Defense|p1b: Aggron\n|-boost|p1b: Aggron|def|2\n|\n|-damage|p1b: Aggron|94/100 brn|[from] brn\n|upkeep\n|turn|2\n|\n|t:|1776373511\n|switch|p1a: Clefable|Clefable, L50, F|100/100\n|move|p2b: Dragapult|Will-O-Wisp|p1a: Clefable\n|-status|p1a: Clefable|brn\n|-enditem|p1a: Clefable|Lum Berry|[eat]\n|-curestatus|p1a: Clefable|brn|[msg]\n|move|p2a: Glimmora|Earth Power|p1b: Aggron\n|-supereffective|p1b: Aggron|1\n|-damage|p1b: Aggron|43/100 brn\n|move|p1b: Aggron|Body Press|p2a: Glimmora\n|-damage|p2a: Glimmora|67/100\n|\n|-damage|p1b: Aggron|37/100 brn|[from] brn\n|upkeep\n|turn|3\n|inactive|yuriimon has 30 seconds left.\n|inactive|yuriimon has 20 seconds left.\n|\n|t:|1776373547\n|switch|p2b: Basculegion|Basculegion, L50, M|100/100\n|switch|p1a: Sinistcha|Sinistcha, L50|100/100\n|-heal|p1b: Aggron|62/100 brn|[from] ability: Hospitality|[of] p1a: Sinistcha\n|move|p2a: Glimmora|Earth Power|p1b: Aggron\n|-supereffective|p1b: Aggron|1\n|-damage|p1b: Aggron|14/100 brn\n|move|p1b: Aggron|Heavy Slam|p2a: Glimmora\n|-supereffective|p2a: Glimmora|1\n|-damage|p2a: Glimmora|21/100\n|\n|-damage|p1b: Aggron|8/100 brn|[from] brn\n|upkeep\n|turn|4\n|-message|kingklaudius forfeited.\n|\n|win|yuriimon\n|raw|kingklaudius's rating: 1105 &rarr; <strong>1079</strong><br />(-26 for losing)\n|raw|yuriimon's rating: 1094 &rarr; <strong>1121</strong><br />(+27 for winning)\n|l|\u2606kingklaudius\n|player|p1|\n",
  "uploadtime": 1776373575,
  "views": 23,
  "formatid": "gen9championsvgc2026regma",
  "rating": 1079,
  "private": 0,
  "password": null
}