{
  "id": "gen9championsvgc2026regma-2581055850",
  "format": "[Gen 9 Champions] VGC 2026 Reg M-A",
  "players": [
    "fbblue88",
    "rng go brrr"
  ],
  "log": "|j|\u2606fbblue88\n|j|\u2606rng go brrr\n|t:|1775955685\n|gametype|doubles\n|player|p1|fbblue88|169|1040\n|player|p2|rng go brrr|lucian|1000\n|gen|9\n|tier|[Gen 9 Champions] VGC 2026 Reg M-A\n|rated|\n|rule|Species Clause: Limit one of each Pok\u00e9mon\n|rule|Item Clause: Limit 1 of each item\n|clearpoke\n|poke|p1|Meganium, L50, M|\n|poke|p1|Pelipper, L50, F|\n|poke|p1|Basculegion, L50, M|\n|poke|p1|Raichu, L50, F|\n|poke|p1|Dragonite, L50, M|\n|poke|p1|Espeon, L50, F|\n|poke|p2|Gallade, L50, M|\n|poke|p2|Torkoal, L50, F|\n|poke|p2|Slowbro, L50, M|\n|poke|p2|Hydrapple, L50, M|\n|poke|p2|Kingambit, L50, M|\n|poke|p2|Farigiraf, L50, F|\n|teampreview|4\nrng go brrr has agreed to open team sheets.\n|\n|t:|1775955720\n|teamsize|p1|4\n|teamsize|p2|4\n|start\n|switch|p1a: Espeon|Espeon, L50, F|100/100\n|switch|p1b: Raichu|Raichu, L50, F|100/100\n|switch|p2a: Torkoal|Torkoal, L50, F|100/100\n|switch|p2b: Farigiraf|Farigiraf, L50, F|100/100\n|-weather|SunnyDay|[from] ability: Drought|[of] p2a: Torkoal\n|turn|1\n|\n|t:|1775955747\n|switch|p2a: Gallade|Gallade, L50, M|100/100\n|move|p1a: Espeon|Weather Ball|p2b: Farigiraf\n|-damage|p2b: Farigiraf|44/100\n|move|p1b: Raichu|Volt Switch|p2b: Farigiraf\n|-damage|p2b: Farigiraf|19/100\n|\n|t:|1775955758\n|switch|p1b: Pelipper|Pelipper, L50, F|100/100|[from] Volt Switch\n|-weather|RainDance|[from] ability: Drizzle|[of] p1b: Pelipper\n|move|p2b: Farigiraf|Trick Room|p2b: Farigiraf\n|-fieldstart|move: Trick Room|[of] p2b: Farigiraf\n|\n|-weather|RainDance|[upkeep]\n|upkeep\n|turn|2\n|\n|t:|1775955781\n|switch|p2b: Torkoal|Torkoal, L50, F|100/100\n|-weather|SunnyDay|[from] ability: Drought|[of] p2b: Torkoal\n|move|p1b: Pelipper|Hurricane|p2a: Gallade\n|-supereffective|p2a: Gallade|1\n|-damage|p2a: Gallade|38/100\n|move|p2a: Gallade|Solar Blade||[still]\n|-prepare|p2a: Gallade|Solar Blade\n|-anim|p2a: Gallade|Solar Blade|p1b: Pelipper\n|-damage|p1b: Pelipper|38/100\n|-enditem|p1b: Pelipper|Sitrus Berry|[eat]\n|-heal|p1b: Pelipper|63/100|[from] item: Sitrus Berry\n|move|p1a: Espeon|Weather Ball|p2b: Torkoal\n|-resisted|p2b: Torkoal|1\n|-damage|p2b: Torkoal|70/100\n|\n|-weather|SunnyDay|[upkeep]\n|upkeep\n|turn|3\n|\n|t:|1775955818\n|switch|p1b: Raichu|Raichu, L50, F|100/100\n|move|p2b: Torkoal|Eruption|p1a: Espeon|[spread] p1a,p1b\n|-damage|p1a: Espeon|23/100\n|-damage|p1b: Raichu|24/100\n|move|p2a: Gallade|Solar Blade||[still]\n|-prepare|p2a: Gallade|Solar Blade\n|-anim|p2a: Gallade|Solar Blade|p1b: Raichu\n|-damage|p1b: Raichu|0 fnt\n|faint|p1b: Raichu\n|move|p1a: Espeon|Weather Ball|p2a: Gallade\n|-damage|p2a: Gallade|0 fnt\n|faint|p2a: Gallade\n|\n|-weather|SunnyDay|[upkeep]\n|upkeep\n|\n|t:|1775955833\n|switch|p2a: Kingambit|Kingambit, L50, M|100/100\n|switch|p1b: Meganium|Meganium, L50, M|100/100\n|-activate|p2a: Kingambit|ability: Supreme Overlord\n|-start|p2a: Kingambit|fallen1|[silent]\n|turn|4\n|\n|t:|1775955848\n|detailschange|p1b: Meganium|Meganium-Mega, L50, M\n|-mega|p1b: Meganium|Meganium|Meganiumite\n|move|p2b: Torkoal|Eruption|p1b: Meganium|[spread] p1a,p1b\n|-supereffective|p1b: Meganium|1\n|-damage|p1a: Espeon|0 fnt\n|-damage|p1b: Meganium|0 fnt\n|faint|p1a: Espeon\n|faint|p1b: Meganium\n|move|p2a: Kingambit|Iron Head|p1: Espeon|[notarget]\n|-fail|p2a: Kingambit\n|\n|-weather|SunnyDay|[upkeep]\n|upkeep\n|-message|fbblue88 forfeited.\n|\n|win|rng go brrr\n|raw|fbblue88's rating: 1040 &rarr; <strong>1022</strong><br />(-18 for losing)\n|raw|rng go brrr's rating: 1000 &rarr; <strong>1045</strong><br />(+45 for winning)\n|l|\u2606fbblue88\n|player|p1|\n",
  "uploadtime": 1775955873,
  "views": 13,
  "formatid": "gen9championsvgc2026regma",
  "rating": 1022,
  "private": 0,
  "password": null
}