{
  "id": "gen9championsvgc2026regma-2586645807",
  "format": "[Gen 9 Champions] VGC 2026 Reg M-A",
  "players": [
    "restle1234",
    "Avatar Kony"
  ],
  "log": "|j|\u2606restle1234\n|j|\u2606Avatar Kony\n|t:|1776449124\n|gametype|doubles\n|player|p1|restle1234|lucas|1124\n|player|p2|Avatar Kony|sabrina-frlg|1119\n|gen|9\n|tier|[Gen 9 Champions] VGC 2026 Reg M-A\n|rated|\n|rule|Species Clause: Limit one of each Pok\u00e9mon\n|rule|Item Clause: Limit 1 of each item\n|clearpoke\n|poke|p1|Farigiraf, L50, M|\n|poke|p1|Torkoal, L50, M|\n|poke|p1|Armarouge, L50, M|\n|poke|p1|Sneasler, L50, M|\n|poke|p1|Lucario, L50, M|\n|poke|p1|Hydreigon, L50, M|\n|poke|p2|Aerodactyl, L50, F|\n|poke|p2|Floette-Eternal, L50, F|\n|poke|p2|Incineroar, L50, F|\n|poke|p2|Sneasler, L50, M|\n|poke|p2|Basculegion, L50, M|\n|poke|p2|Garchomp, L50, F|\n|teampreview|4\n|inactive|Battle timer is ON: inactive players will automatically lose when time's up. (requested by Avatar Kony)\n|\n|t:|1776449202\n|teamsize|p1|4\n|teamsize|p2|4\n|start\n|switch|p1a: Huppy|Farigiraf, L50, M, shiny|100/100\n|switch|p1b: Sneasler|Sneasler, L50, M, shiny|100/100\n|switch|p2a: Aerodactyl|Aerodactyl, L50, F|100/100\n|switch|p2b: Floette|Floette-Eternal, L50, F|100/100\n|-ability|p2a: Aerodactyl|Unnerve\n|turn|1\n|inactive|restle1234 has 30 seconds left.\n|inactive|Avatar Kony has 30 seconds left.\n|inactive|Avatar Kony has 20 seconds left.\n|\n|t:|1776449248\n|switch|p2a: Basculegion|Basculegion, L50, M|100/100\n|detailschange|p2b: Floette|Floette-Mega, L50, F\n|-mega|p2b: Floette|Floette|Floettite\n|-ability|p2b: Floette|Fairy Aura\n|move|p1b: Sneasler|Fake Out|p2a: Basculegion\n|-immune|p2a: Basculegion\n|move|p2b: Floette|Light of Ruin|p1a: Huppy\n|-damage|p1a: Huppy|0 fnt\n|faint|p1a: Huppy\n|-damage|p2b: Floette|24/100|[from] Recoil\n|\n|upkeep\n|\n|t:|1776449263\n|switch|p1a: Dragul|Hydreigon, L50, M, shiny|100/100\n|turn|2\n|\n|t:|1776449277\n|move|p2b: Floette|Protect|p2b: Floette\n|-singleturn|p2b: Floette|Protect\n|move|p1a: Dragul|Dark Pulse|p2a: Basculegion\n|-supereffective|p2a: Basculegion|1\n|-damage|p2a: Basculegion|1/100\n|move|p2a: Basculegion|Wave Crash|p1b: Sneasler\n|-damage|p1b: Sneasler|0 fnt\n|faint|p1b: Sneasler\n|-damage|p2a: Basculegion|0 fnt|[from] Recoil\n|faint|p2a: Basculegion\n|\n|upkeep\n|\n|t:|1776449292\n|switch|p1b: Machine|Torkoal, L50, M, shiny|100/100\n|switch|p2a: Aerodactyl|Aerodactyl, L50, F|100/100\n|-ability|p2a: Aerodactyl|Unnerve\n|-weather|SunnyDay|[from] ability: Drought|[of] p1b: Machine\n|turn|3\n|\n|t:|1776449307\n|move|p1b: Machine|Protect|p1b: Machine\n|-singleturn|p1b: Machine|Protect\n|move|p1a: Dragul|Dark Pulse|p2b: Floette\n|-resisted|p2b: Floette|1\n|-damage|p2b: Floette|5/100\n|move|p2a: Aerodactyl|Tailwind|p2a: Aerodactyl\n|-sidestart|p2: Avatar Kony|move: Tailwind\n|move|p2b: Floette|Moonblast|p1a: Dragul\n|-supereffective|p1a: Dragul|2\n|-damage|p1a: Dragul|0 fnt\n|faint|p1a: Dragul\n|\n|-weather|SunnyDay|[upkeep]\n|upkeep\n|turn|4\n|-message|restle1234 forfeited.\n|\n|win|Avatar Kony\n|raw|restle1234's rating: 1124 &rarr; <strong>1099</strong><br />(-25 for losing)\n|raw|Avatar Kony's rating: 1119 &rarr; <strong>1144</strong><br />(+25 for winning)\n|l|\u2606restle1234\n|player|p1|\n",
  "uploadtime": 1776449322,
  "views": 38,
  "formatid": "gen9championsvgc2026regma",
  "rating": 1099,
  "private": 0,
  "password": null
}