{
  "id": "gen9championsvgc2026regma-2581859497",
  "format": "[Gen 9 Champions] VGC 2026 Reg M-A",
  "players": [
    "bryangm02",
    "monkeychese"
  ],
  "log": "|j|\u2606bryangm02\n|j|\u2606monkeychese\n|t:|1776034384\n|gametype|doubles\n|player|p1|bryangm02|102|1094\n|player|p2|monkeychese|101|1190\n|gen|9\n|tier|[Gen 9 Champions] VGC 2026 Reg M-A\n|rated|\n|rule|Species Clause: Limit one of each Pok\u00e9mon\n|rule|Item Clause: Limit 1 of each item\n|clearpoke\n|poke|p1|Scovillain, L50, M|\n|poke|p1|Araquanid, L50, F|\n|poke|p1|Farigiraf, L50, M|\n|poke|p1|Weavile, L50, F|\n|poke|p1|Goodra-Hisui, L50, M|\n|poke|p1|Golurk, L50|\n|poke|p2|Charizard, L50, M|\n|poke|p2|Aerodactyl, L50, F|\n|poke|p2|Gardevoir, L50, F|\n|poke|p2|Incineroar, L50, F|\n|poke|p2|Sneasler, L50, M|\n|poke|p2|Kingambit, L50, M|\n|teampreview|4\n|inactive|Battle timer is ON: inactive players will automatically lose when time's up. (requested by monkeychese)\n|inactive|bryangm02 has 60 seconds left.\n|\n|t:|1776034488\n|teamsize|p1|4\n|teamsize|p2|4\n|start\n|switch|p1a: Araquanid|Araquanid, L50, F|100/100\n|switch|p1b: Farigiraf|Farigiraf, L50, M|100/100\n|switch|p2a: Charizard|Charizard, L50, M|100/100\n|switch|p2b: Incineroar|Incineroar, L50, F|100/100\n|-ability|p2b: Incineroar|Intimidate|boost\n|-unboost|p1a: Araquanid|atk|1\n|-unboost|p1b: Farigiraf|atk|1\n|turn|1\n|\n|t:|1776034513\n|detailschange|p2a: Charizard|Charizard-Mega-X, L50, M\n|-mega|p2a: Charizard|Charizard|Charizardite X\n|move|p2a: Charizard|Flare Blitz|p1b: Farigiraf\n|-damage|p1b: Farigiraf|22/100\n|-status|p1b: Farigiraf|brn\n|-enditem|p1b: Farigiraf|Sitrus Berry|[eat]\n|-heal|p1b: Farigiraf|47/100 brn|[from] item: Sitrus Berry\n|-damage|p2a: Charizard|69/100|[from] Recoil\n|move|p2b: Incineroar|Flare Blitz|p1b: Farigiraf\n|-damage|p1b: Farigiraf|0 fnt\n|faint|p1b: Farigiraf\n|-damage|p2b: Incineroar|83/100|[from] Recoil\n|move|p1a: Araquanid|Liquidation|p2b: Incineroar\n|-supereffective|p2b: Incineroar|1\n|-damage|p2b: Incineroar|14/100\n|\n|upkeep\n|\n|t:|1776034531\n|switch|p1b: Goodra|Goodra-Hisui, L50, M|100/100\n|turn|2\n|\n|t:|1776034538\n|move|p1b: Goodra|Protect|p1b: Goodra\n|-singleturn|p1b: Goodra|Protect\n|move|p2a: Charizard|Dragon Dance|p2a: Charizard\n|-boost|p2a: Charizard|atk|1\n|-boost|p2a: Charizard|spe|1\n|move|p2b: Incineroar|Will-O-Wisp|p1a: Araquanid\n|-immune|p1a: Araquanid|[from] ability: Water Bubble\n|move|p1a: Araquanid|Reflect|p1a: Araquanid\n|-sidestart|p1: bryangm02|Reflect\n|\n|upkeep\n|turn|3\n|\n|t:|1776034559\n|move|p2a: Charizard|Flare Blitz|p1b: Goodra\n|-damage|p1b: Goodra|36/100\n|-damage|p2a: Charizard|47/100|[from] Recoil\n|move|p2b: Incineroar|Parting Shot|p1a: Araquanid\n|-unboost|p1a: Araquanid|atk|1\n|-unboost|p1a: Araquanid|spa|1\n|\n|t:|1776034565\n|switch|p2b: Kingambit|Kingambit, L50, M|100/100|[from] Parting Shot\n|move|p1b: Goodra|Ancient Power|p2a: Charizard\n|-supereffective|p2a: Charizard|1\n|-damage|p2a: Charizard|4/100\n|-boost|p1b: Goodra|atk|1\n|-boost|p1b: Goodra|def|1\n|-boost|p1b: Goodra|spa|1\n|-boost|p1b: Goodra|spd|1\n|-boost|p1b: Goodra|spe|1\n|move|p1a: Araquanid|Liquidation|p2b: Kingambit\n|-damage|p2b: Kingambit|71/100\n|\n|-heal|p1b: Goodra|42/100|[from] item: Leftovers\n|upkeep\n|turn|4\n|\n|t:|1776034585\n|switch|p2b: Incineroar|Incineroar, L50, F|14/100\n|-ability|p2b: Incineroar|Intimidate|boost\n|-unboost|p1a: Araquanid|atk|1\n|-unboost|p1b: Goodra|atk|1\n|switch|p1a: Golurk|Golurk, L50|100/100\n|move|p1b: Goodra|Protect|p1b: Goodra\n|-singleturn|p1b: Goodra|Protect\n|move|p2a: Charizard|Dragon Claw|p1a: Golurk\n|-crit|p1a: Golurk\n|-damage|p1a: Golurk|0 fnt\n|faint|p1a: Golurk\n|\n|-heal|p1b: Goodra|48/100|[from] item: Leftovers\n|upkeep\n|-message|bryangm02 forfeited.\n|\n|win|monkeychese\n|raw|bryangm02's rating: 1094 &rarr; <strong>1076</strong><br />(-18 for losing)\n|raw|monkeychese's rating: 1190 &rarr; <strong>1208</strong><br />(+18 for winning)\n|l|\u2606bryangm02\n|player|p1|\n",
  "uploadtime": 1776034600,
  "views": 17,
  "formatid": "gen9championsvgc2026regma",
  "rating": 1076,
  "private": 0,
  "password": null
}