{
  "id": "gen9championsvgc2026regma-2587191832",
  "format": "[Gen 9 Champions] VGC 2026 Reg M-A",
  "players": [
    "nsbnsb",
    "The Hang Dude"
  ],
  "log": "|j|\u2606nsbnsb\n|j|\u203dThe Hang Dude\n|t:|1776506805\n|gametype|doubles\n|player|p1|nsbnsb|ghetsis|1522\n|player|p2|The Hang Dude|benga|1475\n|gen|9\n|tier|[Gen 9 Champions] VGC 2026 Reg M-A\n|rated|\n|rule|Species Clause: Limit one of each Pok\u00e9mon\n|rule|Item Clause: Limit 1 of each item\n|clearpoke\n|poke|p1|Crabominable, L50, M|\n|poke|p1|Farigiraf, L50, M|\n|poke|p1|Kingambit, L50, M, shiny|\n|poke|p1|Sinistcha, L50|\n|poke|p1|Camerupt, L50, M|\n|poke|p1|Sneasler, L50, M|\n|poke|p2|Meganium, L50, M|\n|poke|p2|Tyranitar, L50, F|\n|poke|p2|Garchomp, L50, F|\n|poke|p2|Aegislash, L50, F|\n|poke|p2|Milotic, L50, M|\n|poke|p2|Aerodactyl, L50, F|\n|teampreview|4\n|inactive|Battle timer is ON: inactive players will automatically lose when time's up. (requested by nsbnsb)\n|j| grapplebeam\n|j| fulimba\n|\n|t:|1776506832\n|teamsize|p1|4\n|teamsize|p2|4\n|start\n|switch|p1a: Sinistcha|Sinistcha, L50|100/100\n|switch|p1b: Sneasler|Sneasler, L50, M|100/100\n|switch|p2a: Tyranitar|Tyranitar, L50, F|100/100\n|switch|p2b: Aegislash|Aegislash, L50, F|100/100\n|-weather|Sandstorm|[from] ability: Sand Stream|[of] p2a: Tyranitar\n|turn|1\n|\n|t:|1776506844\n|switch|p1b: Crabominable|Crabominable, L50, M|100/100\n|move|p2a: Tyranitar|Protect|p2a: Tyranitar\n|-singleturn|p2a: Tyranitar|Protect\n|-formechange|p2b: Aegislash|Aegislash-Blade|\n|move|p2b: Aegislash|Poltergeist|p1a: Sinistcha\n|-activate|p1a: Sinistcha|move: Poltergeist|Focus Sash\n|-supereffective|p1a: Sinistcha|1\n|-enditem|p1a: Sinistcha|Focus Sash\n|-damage|p1a: Sinistcha|1/100\n|move|p1a: Sinistcha|Trick Room|p1a: Sinistcha\n|-fieldstart|move: Trick Room|[of] p1a: Sinistcha\n|\n|-weather|Sandstorm|[upkeep]\n|-damage|p1b: Crabominable|95/100|[from] Sandstorm\n|-damage|p1a: Sinistcha|0 fnt|[from] Sandstorm\n|faint|p1a: Sinistcha\n|upkeep\n|\n|t:|1776506853\n|switch|p1a: Kingambit|Kingambit, L50, M, shiny|100/100\n|turn|2\n|j| xen077\n|inactive|The Hang Dude has 30 seconds left.\n|inactive|The Hang Dude has 20 seconds left.\n|inactive|The Hang Dude has 15 seconds left.\n|\n|t:|1776506895\n|switch|p2a: Milotic|Milotic, L50, M|100/100\n|detailschange|p1b: Crabominable|Crabominable-Mega, L50, M\n|-mega|p1b: Crabominable|Crabominable|Crabominite\n|move|p1b: Crabominable|Drain Punch|p2a: Milotic\n|-damage|p2a: Milotic|47/100\n|-heal|p1b: Crabominable|100/100|[from] drain|[of] p2a: Milotic\n|move|p1a: Kingambit|Kowtow Cleave|p2b: Aegislash\n|-supereffective|p2b: Aegislash|1\n|-damage|p2b: Aegislash|0 fnt\n|faint|p2b: Aegislash\n|\n|-weather|Sandstorm|[upkeep]\n|-damage|p1b: Crabominable|95/100|[from] Sandstorm\n|-damage|p2a: Milotic|41/100|[from] Sandstorm\n|-heal|p2a: Milotic|47/100|[from] item: Leftovers\n|upkeep\n|-message|The Hang Dude forfeited.\n|\n|win|nsbnsb\n|raw|nsbnsb's rating: 1522 &rarr; <strong>1539</strong><br />(+17 for winning)\n|raw|The Hang Dude's rating: 1475 &rarr; <strong>1458</strong><br />(-17 for losing)\n|l|\u203dThe Hang Dude\n|player|p2|\n|l|\u2606nsbnsb\n|player|p1|\n",
  "uploadtime": 1776506913,
  "views": 42,
  "formatid": "gen9championsvgc2026regma",
  "rating": 1458,
  "private": 0,
  "password": null
}