{
  "id": "gen9championsvgc2026regma-2586555261",
  "format": "[Gen 9 Champions] VGC 2026 Reg M-A",
  "players": [
    "SleepySilver07",
    "guorongjia"
  ],
  "log": "|j|\u2606SleepySilver07\n|j|\u2606guorongjia\n|t:|1776442735\n|gametype|doubles\n|player|p1|SleepySilver07|102|1299\n|player|p2|guorongjia|miku-water|1380\n|gen|9\n|tier|[Gen 9 Champions] VGC 2026 Reg M-A\n|rated|\n|rule|Species Clause: Limit one of each Pok\u00e9mon\n|rule|Item Clause: Limit 1 of each item\n|clearpoke\n|poke|p1|Tyranitar, L50, M|\n|poke|p1|Garchomp, L50, M|\n|poke|p1|Aerodactyl, L50, F|\n|poke|p1|Corviknight, L50, M|\n|poke|p1|Rotom-Wash, L50|\n|poke|p1|Meganium, L50, M|\n|poke|p2|Gengar, L50, F|\n|poke|p2|Basculegion, L50, M|\n|poke|p2|Sneasler, L50, F|\n|poke|p2|Maushold, L50|\n|poke|p2|Pelipper, L50, F|\n|poke|p2|Kingambit, L50, F|\n|teampreview|4\n|inactive|Battle timer is ON: inactive players will automatically lose when time's up. (requested by guorongjia)\n|inactive|SleepySilver07 has 60 seconds left.\n|inactive|guorongjia has 60 seconds left.\n|\n|t:|1776442791\n|teamsize|p1|4\n|teamsize|p2|4\n|start\n|switch|p1a: Garchomp|Garchomp, L50, M|100/100\n|switch|p1b: Rotom|Rotom-Wash, L50|100/100\n|switch|p2a: Gengar|Gengar, L50, F, shiny|100/100\n|switch|p2b: Sneasler|Sneasler, L50, F, shiny|100/100\n|turn|1\n|inactive|guorongjia has 30 seconds left.\n|\n|t:|1776442819\n|detailschange|p2a: Gengar|Gengar-Mega, L50, F, shiny\n|-mega|p2a: Gengar|Gengar|Gengarite\n|move|p2b: Sneasler|Fake Out|p1a: Garchomp\n|-damage|p1a: Garchomp|86/100\n|move|p2a: Gengar|Icy Wind|p1b: Rotom|[spread] \n|-miss|p2a: Gengar|p1a: Garchomp\n|-miss|p2a: Gengar|p1b: Rotom\n|cant|p1a: Garchomp|flinch\n|move|p1b: Rotom|Volt Switch|p2b: Sneasler\n|-damage|p2b: Sneasler|62/100\n|\n|t:|1776442828\n|switch|p1b: Tyranitar|Tyranitar, L50, M|100/100|[from] Volt Switch\n|-weather|Sandstorm|[from] ability: Sand Stream|[of] p1b: Tyranitar\n|\n|-weather|Sandstorm|[upkeep]\n|-damage|p2a: Gengar|94/100|[from] Sandstorm\n|-damage|p2b: Sneasler|56/100|[from] Sandstorm\n|upkeep\n|turn|2\n|\n|t:|1776442841\n|move|p2a: Gengar|Protect|p2a: Gengar\n|-singleturn|p2a: Gengar|Protect\n|move|p1a: Garchomp|Protect|p1a: Garchomp\n|-singleturn|p1a: Garchomp|Protect\n|move|p2b: Sneasler|Close Combat|p1b: Tyranitar\n|-supereffective|p1b: Tyranitar|2\n|-damage|p1b: Tyranitar|0 fnt\n|-unboost|p2b: Sneasler|def|1\n|-unboost|p2b: Sneasler|spd|1\n|faint|p1b: Tyranitar\n|-enditem|p2b: Sneasler|White Herb\n|-clearnegativeboost|p2b: Sneasler|[silent]\n|\n|-weather|Sandstorm|[upkeep]\n|-damage|p2b: Sneasler|50/100|[from] Sandstorm\n|-damage|p2a: Gengar|88/100|[from] Sandstorm\n|upkeep\n|\n|t:|1776442846\n|switch|p1b: Rotom|Rotom-Wash, L50|100/100\n|turn|3\n|\n|t:|1776442851\n|move|p1b: Rotom|Protect|p1b: Rotom\n|-singleturn|p1b: Rotom|Protect\n|move|p2b: Sneasler|Close Combat|p1a: Garchomp\n|-damage|p1a: Garchomp|23/100\n|-unboost|p2b: Sneasler|def|1\n|-unboost|p2b: Sneasler|spd|1\n|move|p2a: Gengar|Icy Wind|p1b: Rotom|[spread] p1a\n|-activate|p1b: Rotom|move: Protect\n|-supereffective|p1a: Garchomp|2\n|-damage|p1a: Garchomp|0 fnt\n|faint|p1a: Garchomp\n|\n|-weather|Sandstorm|[upkeep]\n|-damage|p2b: Sneasler|44/100|[from] Sandstorm\n|-damage|p2a: Gengar|82/100|[from] Sandstorm\n|-damage|p1b: Rotom|95/100|[from] Sandstorm\n|upkeep\n|-message|SleepySilver07 forfeited.\n|\n|win|guorongjia\n|raw|SleepySilver07's rating: 1299 &rarr; <strong>1280</strong><br />(-19 for losing)\n|raw|guorongjia's rating: 1380 &rarr; <strong>1395</strong><br />(+15 for winning)\n|l|\u2606SleepySilver07\n|player|p1|\n|l|\u2606guorongjia\n|player|p2|\n|j|\u2606guorongjia\n|player|p2|guorongjia|miku-water|\n",
  "uploadtime": 1776442862,
  "views": 45,
  "formatid": "gen9championsvgc2026regma",
  "rating": 1280,
  "private": 0,
  "password": null
}