{
  "id": "gen9championsvgc2026regma-2585255894",
  "format": "[Gen 9 Champions] VGC 2026 Reg M-A",
  "players": [
    "s!dd_1",
    "Mameon"
  ],
  "log": "|j|\u2606s!dd_1\n|j|\u2606Mameon\n|t:|1776330599\n|gametype|doubles\n|player|p1|s!dd_1|cynthia-gen4|1312\n|player|p2|Mameon|2|1228\n|gen|9\n|tier|[Gen 9 Champions] VGC 2026 Reg M-A\n|rated|\n|rule|Species Clause: Limit one of each Pok\u00e9mon\n|rule|Item Clause: Limit 1 of each item\n|clearpoke\n|poke|p1|Ampharos, L50, M|\n|poke|p1|Excadrill, L50, F|\n|poke|p1|Tyranitar, L50, F|\n|poke|p1|Milotic, L50, M|\n|poke|p1|Sinistcha, L50|\n|poke|p1|Charizard, L50, F|\n|poke|p2|Charizard, L50, F|\n|poke|p2|Kingambit, L50, F|\n|poke|p2|Incineroar, L50, F|\n|poke|p2|Aerodactyl, L50, M|\n|poke|p2|Floette-Eternal, L50, F|\n|poke|p2|Sneasler, L50, F|\n|teampreview|4\n|inactive|Battle timer is ON: inactive players will automatically lose when time's up. (requested by s!dd_1)\n|\n|t:|1776330622\n|teamsize|p1|4\n|teamsize|p2|4\n|start\n|switch|p1a: Milotic|Milotic, L50, M|100/100\n|switch|p1b: Charizard|Charizard, L50, F|100/100\n|switch|p2a: Aerodactyl|Aerodactyl, L50, M|100/100\n|switch|p2b: Floette|Floette-Eternal, L50, F|100/100\n|-ability|p2a: Aerodactyl|Unnerve\n|turn|1\n|inactive|s!dd_1 has 30 seconds left.\n|inactive|s!dd_1 has 20 seconds left.\n|inactive|s!dd_1 has 15 seconds left.\n|\n|t:|1776330666\n|detailschange|p1b: Charizard|Charizard-Mega-X, L50, F\n|-mega|p1b: Charizard|Charizard|Charizardite X\n|detailschange|p2b: Floette|Floette-Mega, L50, F\n|-mega|p2b: Floette|Floette|Floettite\n|-ability|p2b: Floette|Fairy Aura\n|move|p1a: Milotic|Helping Hand|p1b: Charizard\n|-singleturn|p1b: Charizard|Helping Hand|[of] p1a: Milotic\n|move|p2a: Aerodactyl|Rock Slide|p1b: Charizard|[spread] p1a,p1b\n|-supereffective|p1b: Charizard|1\n|-damage|p1a: Milotic|78/100\n|-damage|p1b: Charizard|42/100\n|cant|p1b: Charizard|flinch\n|move|p2b: Floette|Dazzling Gleam|p1b: Charizard|[spread] p1a,p1b\n|-damage|p1a: Milotic|43/100\n|-damage|p1b: Charizard|0 fnt\n|faint|p1b: Charizard\n|\n|-heal|p1a: Milotic|49/100|[from] item: Leftovers\n|upkeep\n|l|\u2606s!dd_1\n|inactive|s!dd_1 disconnected and has a minute to reconnect!\n|player|p1|\n|inactive|s!dd_1 has 30 seconds left.\n|inactive|s!dd_1 has 20 seconds left.\n|inactive|s!dd_1 has 15 seconds left.\n|inactive|s!dd_1 has 10 seconds left.\n|inactive|s!dd_1 has 5 seconds left.\n|-message|s!dd_1 lost due to inactivity.\n|\n|win|Mameon\n|raw|s!dd_1's rating: 1312 &rarr; <strong>1287</strong><br />(-25 for losing)\n|raw|Mameon's rating: 1228 &rarr; <strong>1259</strong><br />(+31 for winning)\n",
  "uploadtime": 1776330729,
  "views": 60,
  "formatid": "gen9championsvgc2026regma",
  "rating": 1259,
  "private": 0,
  "password": null
}