{
  "id": "gen9championsvgc2026regma-2581764515",
  "format": "[Gen 9 Champions] VGC 2026 Reg M-A",
  "players": [
    "lukelby",
    "cameruptthegoat O"
  ],
  "log": "|j|\u2606lukelby\n|j|\u2606cameruptthegoat O\n|t:|1776026606\n|gametype|doubles\n|player|p1|lukelby|hiker-gen4|1149\n|player|p2|cameruptthegoat O|1|1073\n|gen|9\n|tier|[Gen 9 Champions] VGC 2026 Reg M-A\n|rated|\n|rule|Species Clause: Limit one of each Pok\u00e9mon\n|rule|Item Clause: Limit 1 of each item\n|clearpoke\n|poke|p1|Ninetales-Alola, L50, F|\n|poke|p1|Sinistcha, L50|\n|poke|p1|Crabominable, L50, F|\n|poke|p1|Sneasler, L50, F|\n|poke|p1|Incineroar, L50, M|\n|poke|p1|Farigiraf, L50, F|\n|poke|p2|Camerupt, L50, M|\n|poke|p2|Farigiraf, L50, F|\n|poke|p2|Incineroar, L50, F|\n|poke|p2|Torkoal, L50, M|\n|poke|p2|Sinistcha, L50|\n|teampreview|4\nlukelby has agreed to open team sheets.\ncameruptthegoat O has agreed to open team sheets.\n|showteam|p1|Ninetales-Alola||BabiriBerry|SnowWarning|AuroraVeil,Blizzard,Moonblast,Howl|||F|||50|]Sinistcha||Leftovers|Hospitality|MatchaGotcha,TrickRoom,RagePowder,LifeDew||||||50|]Crabominable||Crabominite|HyperCutter|MachPunch,IceHammer,DrainPunch,Protect|||F|||50|]Sneasler||WhiteHerb|Unburden|CloseCombat,DireClaw,FakeOut,Coaching|||F|||50|]Incineroar||ChopleBerry|Intimidate|PartingShot,WillOWisp,FakeOut,DarkestLariat|||M|||50|]Farigiraf||SitrusBerry|ArmorTail|TrickRoom,DazzlingGleam,PsychicNoise,Thunderbolt|||F|||50|\n|showteam|p2|Camerupt||Cameruptite|MagmaArmor|Eruption,EarthPower,Protect,AncientPower|||M|||50|]Farigiraf||SilkScarf|CudChew|HelpingHand,SunnyDay,HyperVoice,TrickRoom|||F|||50|]Incineroar||ChopleBerry|Intimidate|FlareBlitz,ThroatChop,FakeOut,PartingShot|||F|||50|]Torkoal||Charcoal|Drought|Eruption,WeatherBall,Protect,Yawn|||M|||50|]Sinistcha||SitrusBerry|Hospitality|MatchaGotcha,RagePowder,ShadowBall,TrickRoom||||||50|\n|\n|t:|1776026651\n|teamsize|p1|4\n|teamsize|p2|4\n|start\n|switch|p1a: blobl|Sinistcha, L50|100/100\n|switch|p1b: Broly|Crabominable, L50, F|100/100\n|switch|p2a: Incineroar|Incineroar, L50, F|100/100\n|switch|p2b: Farigiraf|Farigiraf, L50, F|100/100\n|-ability|p2a: Incineroar|Intimidate|boost\n|-unboost|p1a: blobl|atk|1\n|-fail|p1b: Broly|unboost|Attack|[from] ability: Hyper Cutter|[of] p1b: Broly\n|turn|1\n|\n|t:|1776026676\n|detailschange|p1b: Broly|Crabominable-Mega, L50, F\n|-mega|p1b: Broly|Crabominable|Crabominite\n|move|p2b: Farigiraf|Helping Hand|p2a: Incineroar\n|-singleturn|p2a: Incineroar|Helping Hand|[of] p2b: Farigiraf\n|move|p1a: blobl|Rage Powder|p1a: blobl\n|-singleturn|p1a: blobl|move: Rage Powder\n|move|p2a: Incineroar|Flare Blitz|p1a: blobl\n|-supereffective|p1a: blobl|1\n|-damage|p1a: blobl|0 fnt\n|faint|p1a: blobl\n|-damage|p2a: Incineroar|71/100|[from] Recoil\n|move|p1b: Broly|Drain Punch|p2a: Incineroar\n|-supereffective|p2a: Incineroar|1\n|-enditem|p2a: Incineroar|Chople Berry|[eat]\n|-enditem|p2a: Incineroar|Chople Berry|[weaken]\n|-damage|p2a: Incineroar|28/100\n|\n|upkeep\n|\n|t:|1776026695\n|switch|p1a: gay|Sneasler, L50, F|100/100\n|turn|2\n|\n|t:|1776026722\n|move|p1b: Broly|Protect|p1b: Broly\n|-singleturn|p1b: Broly|Protect\n|move|p1a: gay|Close Combat|p2a: Incineroar\n|-supereffective|p2a: Incineroar|1\n|-damage|p2a: Incineroar|0 fnt\n|-unboost|p1a: gay|def|1\n|-unboost|p1a: gay|spd|1\n|faint|p2a: Incineroar\n|-enditem|p1a: gay|White Herb\n|-clearnegativeboost|p1a: gay|[silent]\n|move|p2b: Farigiraf|Trick Room|p2b: Farigiraf\n|-fieldstart|move: Trick Room|[of] p2b: Farigiraf\n|\n|upkeep\n|\n|t:|1776026735\n|switch|p2a: Torkoal|Torkoal, L50, M|100/100\n|-weather|SunnyDay|[from] ability: Drought|[of] p2a: Torkoal\n|turn|3\n|\n|t:|1776026769\n|switch|p1a: miinnie|Ninetales-Alola, L50, F|100/100\n|-weather|Snowscape|[from] ability: Snow Warning|[of] p1a: miinnie\n|move|p2a: Torkoal|Eruption|p1a: miinnie|[spread] p1a,p1b\n|-supereffective|p1a: miinnie|1\n|-supereffective|p1b: Broly|1\n|-damage|p1a: miinnie|0 fnt\n|-damage|p1b: Broly|12/100\n|faint|p1a: miinnie\n|move|p1b: Broly|Ice Hammer|p2b: Farigiraf\n|-damage|p2b: Farigiraf|38/100\n|-unboost|p1b: Broly|spe|1\n|move|p2b: Farigiraf|Hyper Voice|p1b: Broly\n|-damage|p1b: Broly|0 fnt\n|faint|p1b: Broly\n|\n|-weather|Snowscape|[upkeep]\n|upkeep\n|\n|t:|1776026783\n|switch|p1b: gay|Sneasler, L50, F|100/100\n|turn|4\n|c|\u2606lukelby|gg\n|-message|lukelby forfeited.\n|\n|win|cameruptthegoat O\n|raw|lukelby's rating: 1149 &rarr; <strong>1119</strong><br />(-30 for losing)\n|raw|cameruptthegoat O's rating: 1073 &rarr; <strong>1108</strong><br />(+35 for winning)\n|l|\u2606lukelby\n|player|p1|\n",
  "uploadtime": 1776026793,
  "views": 16,
  "formatid": "gen9championsvgc2026regma",
  "rating": 1108,
  "private": 0,
  "password": null
}