{
  "id": "gen9championsvgc2026regma-2585984619",
  "format": "[Gen 9 Champions] VGC 2026 Reg M-A",
  "players": [
    "trc52",
    "xXElementalordXx"
  ],
  "log": "|j|\u2606trc52\n|j|\u2606xXElementalordXx\n|t:|1776387559\n|gametype|doubles\n|player|p1|trc52|1|1131\n|player|p2|xXElementalordXx|101|1117\n|gen|9\n|tier|[Gen 9 Champions] VGC 2026 Reg M-A\n|rated|\n|rule|Species Clause: Limit one of each Pok\u00e9mon\n|rule|Item Clause: Limit 1 of each item\n|clearpoke\n|poke|p1|Froslass, L50, F|\n|poke|p1|Rotom-Frost, L50|\n|poke|p1|Garchomp, L50, M|\n|poke|p1|Aegislash, L50, F|\n|poke|p1|Aerodactyl, L50, F|\n|poke|p1|Clefable, L50, M|\n|poke|p2|Incineroar, L50, F|\n|poke|p2|Crabominable, L50, M|\n|poke|p2|Farigiraf, L50, M|\n|poke|p2|Slowking, L50, M|\n|poke|p2|Venusaur, L50, M|\n|poke|p2|Clefable, L50, M|\n|teampreview|4\n|inactive|Battle timer is ON: inactive players will automatically lose when time's up. (requested by xXElementalordXx)\n|inactive|xXElementalordXx has 60 seconds left.\n|\n|t:|1776387616\n|teamsize|p1|4\n|teamsize|p2|4\n|start\n|switch|p1a: Froslass|Froslass, L50, F|100/100\n|switch|p1b: Clefable|Clefable, L50, M|100/100\n|switch|p2a: Farigiraf|Farigiraf, L50, M|100/100\n|switch|p2b: Slowking|Slowking, L50, M|100/100\n|turn|1\n|inactive|xXElementalordXx has 30 seconds left.\n|inactive|xXElementalordXx has 20 seconds left.\n|\n|t:|1776387653\n|detailschange|p1a: Froslass|Froslass-Mega, L50, F\n|-mega|p1a: Froslass|Froslass|Froslassite\n|-weather|Snowscape|[from] ability: Snow Warning|[of] p1a: Froslass\n|move|p1b: Clefable|Follow Me|p1b: Clefable\n|-singleturn|p1b: Clefable|move: Follow Me\n|move|p1a: Froslass|Blizzard|p2a: Farigiraf|[spread] p2a,p2b\n|-resisted|p2b: Slowking|1\n|-damage|p2a: Farigiraf|45/100\n|-damage|p2b: Slowking|83/100\n|move|p2a: Farigiraf|Psychic Terrain|p2a: Farigiraf\n|-fieldstart|move: Psychic Terrain\n|move|p2b: Slowking|Trick Room|p2b: Slowking\n|-fieldstart|move: Trick Room|[of] p2b: Slowking\n|\n|-weather|Snowscape|[upkeep]\n|upkeep\n|turn|2\n|inactive|trc52 has 30 seconds left.\n|inactive|trc52 has 20 seconds left.\n|\n|t:|1776387691\n|move|p1b: Clefable|Follow Me|p1b: Clefable\n|-singleturn|p1b: Clefable|move: Follow Me\n|move|p2b: Slowking|Expanding Force|p1a: Froslass|[spread] p1a,p1b\n|-damage|p1a: Froslass|45/100\n|-damage|p1b: Clefable|54/100\n|move|p2a: Farigiraf|Expanding Force|p1a: Froslass|[spread] p1a,p1b\n|-damage|p1a: Froslass|0 fnt\n|-damage|p1b: Clefable|12/100\n|-enditem|p1b: Clefable|Sitrus Berry|[eat]\n|-heal|p1b: Clefable|37/100|[from] item: Sitrus Berry\n|faint|p1a: Froslass\n|\n|-weather|Snowscape|[upkeep]\n|upkeep\n|\n|t:|1776387701\n|switch|p1a: Garchomp|Garchomp, L50, M|100/100\n|turn|3\n|\n|t:|1776387708\n|move|p2b: Slowking|Expanding Force|p1b: Clefable|[spread] p1a,p1b\n|-damage|p1a: Garchomp|46/100\n|-damage|p1b: Clefable|0 fnt\n|faint|p1b: Clefable\n|move|p2a: Farigiraf|Expanding Force|p1a: Garchomp\n|-damage|p1a: Garchomp|0 fnt\n|faint|p1a: Garchomp\n|\n|-weather|Snowscape|[upkeep]\n|upkeep\n|\n|t:|1776387718\n|switch|p1b: Aerodactyl|Aerodactyl, L50, F|100/100\n|-ability|p1b: Aerodactyl|Unnerve\n|turn|4\n|\n|t:|1776387725\n|move|p2b: Slowking|Expanding Force|p1b: Aerodactyl\n|-damage|p1b: Aerodactyl|18/100\n|move|p2a: Farigiraf|Expanding Force|p1b: Aerodactyl\n|-damage|p1b: Aerodactyl|0 fnt\n|faint|p1b: Aerodactyl\n|\n|win|xXElementalordXx\n|raw|trc52's rating: 1131 &rarr; <strong>1105</strong><br />(-26 for losing)\n|raw|xXElementalordXx's rating: 1117 &rarr; <strong>1143</strong><br />(+26 for winning)\n",
  "uploadtime": 1776387729,
  "views": 28,
  "formatid": "gen9championsvgc2026regma",
  "rating": 1105,
  "private": 0,
  "password": null
}