{
  "id": "gen9championsvgc2026regma-2580624824",
  "format": "[Gen 9 Champions] VGC 2026 Reg M-A",
  "players": [
    "daniel.verdejo",
    "vindland"
  ],
  "log": "|j|\u2606daniel.verdejo\n|j|\u2606vindland\n|t:|1775919145\n|gametype|doubles\n|player|p1|daniel.verdejo|1|1142\n|player|p2|vindland|n|1084\n|gen|9\n|tier|[Gen 9 Champions] VGC 2026 Reg M-A\n|rated|\n|rule|Species Clause: Limit one of each Pok\u00e9mon\n|rule|Item Clause: Limit 1 of each item\n|clearpoke\n|poke|p1|Tyranitar, L50, F|\n|poke|p1|Milotic, L50, F|\n|poke|p1|Incineroar, L50, F|\n|poke|p1|Sneasler, L50, F|\n|poke|p1|Aerodactyl, L50, M|\n|poke|p1|Sinistcha, L50|\n|poke|p2|Whimsicott, L50, F|\n|poke|p2|Feraligatr, L50, M|\n|poke|p2|Volcarona, L50, F|\n|poke|p2|Garganacl, L50, F|\n|poke|p2|Sylveon, L50, M|\n|poke|p2|Serperior, L50, M|\n|teampreview|4\n|inactive|Battle timer is ON: inactive players will automatically lose when time's up. (requested by vindland)\n|inactive|daniel.verdejo has 60 seconds left.\n|\n|t:|1775919281\n|teamsize|p1|4\n|teamsize|p2|4\n|start\n|switch|p1a: Aerodactyl|Aerodactyl, L50, M|100/100\n|switch|p1b: Sneasler|Sneasler, L50, F|100/100\n|switch|p2a: Whimsicott|Whimsicott, L50, F|100/100\n|switch|p2b: Serperior|Serperior, L50, M, shiny|100/100\n|-ability|p1a: Aerodactyl|Unnerve\n|turn|1\n|\n|t:|1775919304\n|detailschange|p1a: Aerodactyl|Aerodactyl-Mega, L50, M\n|-mega|p1a: Aerodactyl|Aerodactyl|Aerodactylite\n|move|p2a: Whimsicott|Protect|p2a: Whimsicott\n|-singleturn|p2a: Whimsicott|Protect\n|move|p1b: Sneasler|Fake Out|p2a: Whimsicott\n|-activate|p2a: Whimsicott|move: Protect\n|move|p2b: Serperior|Leaf Storm|p1a: Aerodactyl\n|-damage|p1a: Aerodactyl|41/100\n|-boost|p2b: Serperior|spa|2\n|move|p1a: Aerodactyl|Dual Wingbeat|p2b: Serperior\n|-supereffective|p2b: Serperior|1\n|-damage|p2b: Serperior|27/100\n|-supereffective|p2b: Serperior|1\n|-damage|p2b: Serperior|0 fnt\n|faint|p2b: Serperior\n|-hitcount|p2: Serperior|2\n|\n|upkeep\n|\n|t:|1775919320\n|switch|p2b: Feraligatr|Feraligatr, L50, M|100/100\n|turn|2\n|\n|t:|1775919332\n|switch|p1a: Incineroar|Incineroar, L50, F|100/100\n|-ability|p1a: Incineroar|Intimidate|boost\n|-unboost|p2a: Whimsicott|atk|1\n|-unboost|p2b: Feraligatr|atk|1\n|detailschange|p2b: Feraligatr|Feraligatr-Mega, L50, M\n|-mega|p2b: Feraligatr|Feraligatr|Feraligite\n|move|p2a: Whimsicott|Tailwind|p2a: Whimsicott\n|-sidestart|p2: vindland|move: Tailwind\n|move|p2b: Feraligatr|Liquidation|p1a: Incineroar\n|-supereffective|p1a: Incineroar|1\n|-damage|p1a: Incineroar|46/100\n|-enditem|p1a: Incineroar|Sitrus Berry|[eat]\n|-heal|p1a: Incineroar|71/100|[from] item: Sitrus Berry\n|move|p1b: Sneasler|Dire Claw|p2a: Whimsicott\n|-supereffective|p2a: Whimsicott|2\n|-enditem|p2a: Whimsicott|Focus Sash\n|-damage|p2a: Whimsicott|1/100\n|\n|upkeep\n|turn|3\n|inactive|daniel.verdejo has 30 seconds left.\n|inactive|vindland has 30 seconds left.\n|inactive|daniel.verdejo has 20 seconds left.\n|inactive|daniel.verdejo has 15 seconds left.\n|inactive|daniel.verdejo has 10 seconds left.\n|inactive|daniel.verdejo has 5 seconds left.\n|\n|t:|1775919383\n|move|p2a: Whimsicott|Protect|p2a: Whimsicott\n|-singleturn|p2a: Whimsicott|Protect\n|move|p1a: Incineroar|Fake Out|p2b: Feraligatr\n|-damage|p2b: Feraligatr|92/100\n|cant|p2b: Feraligatr|flinch\n|move|p1b: Sneasler|Dire Claw|p2a: Whimsicott\n|-activate|p2a: Whimsicott|move: Protect\n|\n|upkeep\n|turn|4\n|\n|t:|1775919403\n|switch|p2a: Sylveon|Sylveon, L50, M|100/100\n|move|p2b: Feraligatr|Double-Edge|p1b: Sneasler\n|-damage|p1b: Sneasler|22/100\n|-damage|p2b: Feraligatr|66/100|[from] Recoil\n|move|p1b: Sneasler|Close Combat|p2b: Feraligatr\n|-damage|p2b: Feraligatr|15/100\n|-unboost|p1b: Sneasler|def|1\n|-unboost|p1b: Sneasler|spd|1\n|-enditem|p1b: Sneasler|White Herb\n|-clearnegativeboost|p1b: Sneasler|[silent]\n|move|p1a: Incineroar|Parting Shot|p2b: Feraligatr\n|-unboost|p2b: Feraligatr|atk|1\n|-unboost|p2b: Feraligatr|spa|1\n|-message|vindland forfeited.\n|\n|win|daniel.verdejo\n|raw|daniel.verdejo's rating: 1142 &rarr; <strong>1163</strong><br />(+21 for winning)\n|raw|vindland's rating: 1084 &rarr; <strong>1065</strong><br />(-19 for losing)\n|l|\u2606vindland\n|player|p2|\n",
  "uploadtime": 1775919592,
  "views": 12,
  "formatid": "gen9championsvgc2026regma",
  "rating": 1065,
  "private": 0,
  "password": null
}