{
  "id": "gen9championsvgc2026regma-2580881675",
  "format": "[Gen 9 Champions] VGC 2026 Reg M-A",
  "players": [
    "bugawup",
    "Megaman087"
  ],
  "log": "|j|\u2606bugawup\n|j|\u2606Megaman087\n|t:|1775940177\n|gametype|doubles\n|player|p1|bugawup|101|1047\n|player|p2|Megaman087|lucas|1112\n|gen|9\n|tier|[Gen 9 Champions] VGC 2026 Reg M-A\n|rated|\n|rule|Species Clause: Limit one of each Pok\u00e9mon\n|rule|Item Clause: Limit 1 of each item\n|clearpoke\n|poke|p1|Meowscarada, L50, M|\n|poke|p1|Mudsdale, L50, F|\n|poke|p1|Skarmory, L50, M|\n|poke|p1|Lucario, L50, M|\n|poke|p1|Whimsicott, L50, F|\n|poke|p1|Zoroark-Hisui, L50, F|\n|poke|p2|Greninja-*, L50, M|\n|poke|p2|Archaludon, L50, F|\n|poke|p2|Politoed, L50, F|\n|poke|p2|Incineroar, L50, M|\n|poke|p2|Sinistcha, L50|\n|poke|p2|Milotic, L50, M|\n|teampreview|4\n|\n|t:|1775940262\n|teamsize|p1|4\n|teamsize|p2|4\n|start\n|switch|p1a: Meowscarada|Meowscarada, L50, M|100/100\n|switch|p1b: Lucario|Lucario, L50, M|100/100\n|switch|p2a: Greninja|Greninja, L50, M, shiny|100/100\n|switch|p2b: Archaludon|Archaludon, L50, F, shiny|100/100\n|turn|1\n|inactive|Battle timer is ON: inactive players will automatically lose when time's up. (requested by Megaman087)\n|inactive|bugawup has 60 seconds left.\n|\n|t:|1775940300\n|detailschange|p1b: Lucario|Lucario-Mega, L50, M\n|-mega|p1b: Lucario|Lucario|Lucarionite\n|move|p2a: Greninja|Water Shuriken|p2b: Archaludon\n|-start|p2a: Greninja|typechange|Water|[from] ability: Protean\n|-resisted|p2b: Archaludon|1\n|-damage|p2b: Archaludon|97/100\n|-ability|p2b: Archaludon|Stamina|boost\n|-boost|p2b: Archaludon|def|1\n|-resisted|p2b: Archaludon|1\n|-damage|p2b: Archaludon|94/100\n|-ability|p2b: Archaludon|Stamina|boost\n|-boost|p2b: Archaludon|def|1\n|-hitcount|p2b: Archaludon|2\n|move|p1b: Lucario|Aura Sphere|p2b: Archaludon\n|-supereffective|p2b: Archaludon|1\n|-damage|p2b: Archaludon|0 fnt\n|faint|p2b: Archaludon\n|move|p1a: Meowscarada|Flamethrower|p2a: Greninja\n|-resisted|p2a: Greninja|1\n|-damage|p2a: Greninja|76/100\n|\n|upkeep\n|c|\u2606bugawup|ok bro\n|inactive|Megaman087 has 30 seconds left.\n|-message|Megaman087 forfeited.\n|\n|win|bugawup\n|raw|bugawup's rating: 1047 &rarr; <strong>1086</strong><br />(+39 for winning)\n|raw|Megaman087's rating: 1112 &rarr; <strong>1082</strong><br />(-30 for losing)\n|l|\u2606Megaman087\n|player|p2|\n",
  "uploadtime": 1775940343,
  "views": 26,
  "formatid": "gen9championsvgc2026regma",
  "rating": 1082,
  "private": 0,
  "password": null
}