{
  "id": "gen9championsvgc2026regma-2584682885",
  "format": "[Gen 9 Champions] VGC 2026 Reg M-A",
  "players": [
    "Raynobi",
    "lolgz"
  ],
  "log": "|j|\u2606Raynobi\n|j|\u2606lolgz\n|t:|1776276535\n|gametype|doubles\n|player|p1|Raynobi|red|\n|player|p2|lolgz|265|\n|gen|9\n|tier|[Gen 9 Champions] VGC 2026 Reg M-A\n|rated|Tournament battle\n|rule|Species Clause: Limit one of each Pok\u00e9mon\n|rule|Item Clause: Limit 1 of each item\n|raw|<div class=\"infobox\"><details class=\"readmore\" open><summary><strong>1 custom rule:</strong></summary> Force Open Team Sheets</details></div>\n|clearpoke\n|poke|p1|Charizard, L50, F|\n|poke|p1|Sneasler, L50, F|\n|poke|p1|Garchomp, L50, M|\n|poke|p1|Incineroar, L50, M|\n|poke|p1|Basculegion, L50, M|\n|poke|p1|Venusaur, L50, M|\n|poke|p2|Charizard, L50, M|\n|poke|p2|Whimsicott, L50, F|\n|poke|p2|Basculegion, L50, M|\n|poke|p2|Sneasler, L50, F|\n|poke|p2|Floette-Eternal, L50, F|\n|poke|p2|Garchomp, L50, M|\n|teampreview|4\n|showteam|p1|Charizard||CharizarditeY|Blaze|HeatWave,WeatherBall,AirSlash,Protect|||F|||50|]Sneasler||WhiteHerb|Unburden|DireClaw,CloseCombat,RockSlide,Protect|||F|||50|]Garchomp||HabanBerry|RoughSkin|DragonClaw,Earthquake,RockSlide,Protect|||M|||50|]Incineroar||SitrusBerry|Intimidate|FlareBlitz,DarkestLariat,PartingShot,Protect|||M|||50|]Basculegion||ChoiceScarf|Adaptability|WaveCrash,LastRespects,FlipTurn,AquaJet|||M|||50|]Venusaur||FocusSash|Chlorophyll|SolarBeam,SludgeBomb,SleepPowder,EarthPower|||M|||50|\n|showteam|p2|Charizard||CharizarditeY|SolarPower|AirSlash,HeatWave,SolarBeam,Protect|||M|||50|]Whimsicott||FocusSash|Prankster|Moonblast,Tailwind,SunnyDay,Encore|||F|||50|]Basculegion||ChoiceScarf|Adaptability|WaveCrash,AquaJet,LastRespects,FlipTurn|||M|||50|]Sneasler||WhiteHerb|Unburden|FakeOut,CloseCombat,DireClaw,ThroatChop|||F|||50|]Floette-Eternal||Floettite|FlowerVeil|DazzlingGleam,LightofRuin,Moonblast,Protect|||F|||50|]Garchomp||SoftSand|RoughSkin|StompingTantrum,Earthquake,RockSlide,Protect|||M|||50|\n|inactive|Battle timer is ON: inactive players will automatically lose when time's up. (requested by Raynobi)\n|inactive|Raynobi has 60 seconds left.\n|\n|t:|1776276583\n|teamsize|p1|4\n|teamsize|p2|4\n|start\n|switch|p1a: Charizard|Charizard, L50, F|100/100\n|switch|p1b: Incineroar|Incineroar, L50, M|100/100\n|switch|p2a: Whimsicott|Whimsicott, L50, F|100/100\n|switch|p2b: Charizard|Charizard, L50, M|100/100\n|-ability|p1b: Incineroar|Intimidate|boost\n|-unboost|p2a: Whimsicott|atk|1\n|-unboost|p2b: Charizard|atk|1\n|turn|1\n|j| island pocket\n|inactive|lolgz has 30 seconds left.\n|inactive|lolgz has 20 seconds left.\n|\n|t:|1776276618\n|switch|p2a: Sneasler|Sneasler, L50, F|100/100\n|detailschange|p2b: Charizard|Charizard-Mega-Y, L50, M\n|-mega|p2b: Charizard|Charizard|Charizardite Y\n|-weather|SunnyDay|[from] ability: Drought|[of] p2b: Charizard\n|detailschange|p1a: Charizard|Charizard-Mega-Y, L50, F\n|-mega|p1a: Charizard|Charizard|Charizardite Y\n|move|p2b: Charizard|Air Slash|p1b: Incineroar\n|-damage|p1b: Incineroar|64/100\n|move|p1a: Charizard|Heat Wave|p2b: Charizard|[spread] p2a,p2b\n|-resisted|p2b: Charizard|1\n|-damage|p2a: Sneasler|0 fnt\n|-damage|p2b: Charizard|62/100\n|faint|p2a: Sneasler\n|move|p1b: Incineroar|Darkest Lariat|p2b: Charizard\n|-damage|p2b: Charizard|19/100\n|\n|-weather|SunnyDay|[upkeep]\n|upkeep\n|\n|t:|1776276624\n|switch|p2a: Whimsicott|Whimsicott, L50, F|100/100\n|turn|2\n|\n|t:|1776276648\n|move|p2b: Charizard|Protect|p2b: Charizard\n|-singleturn|p2b: Charizard|Protect\n|move|p2a: Whimsicott|Tailwind|p2a: Whimsicott\n|-sidestart|p2: lolgz|move: Tailwind\n|move|p1a: Charizard|Heat Wave|p2b: Charizard|[spread] p2a\n|-activate|p2b: Charizard|move: Protect\n|-supereffective|p2a: Whimsicott|1\n|-enditem|p2a: Whimsicott|Focus Sash\n|-damage|p2a: Whimsicott|1/100\n|move|p1b: Incineroar|Darkest Lariat|p2b: Charizard\n|-activate|p2b: Charizard|move: Protect\n|\n|-weather|SunnyDay|[upkeep]\n|upkeep\n|turn|3\n|\n|t:|1776276659\n|move|p1b: Incineroar|Protect|p1b: Incineroar\n|-singleturn|p1b: Incineroar|Protect\n|move|p2a: Whimsicott|Moonblast|p1b: Incineroar\n|-activate|p1b: Incineroar|move: Protect\n|move|p2b: Charizard|Heat Wave|p1b: Incineroar|[spread] p1a\n|-activate|p1b: Incineroar|move: Protect\n|-resisted|p1a: Charizard|1\n|-damage|p1a: Charizard|69/100\n|move|p1a: Charizard|Heat Wave|p2a: Whimsicott|[spread] p2b\n|-miss|p1a: Charizard|p2a: Whimsicott\n|-resisted|p2b: Charizard|1\n|-damage|p2b: Charizard|0 fnt\n|faint|p2b: Charizard\n|\n|-weather|SunnyDay|[upkeep]\n|upkeep\n|\n|t:|1776276662\n|switch|p2b: Basculegion|Basculegion, L50, M|100/100\n|turn|4\n|inactive|Raynobi has 30 seconds left.\n|\n|t:|1776276693\n|switch|p1b: Basculegion|Basculegion, L50, M|100/100\n|move|p1a: Charizard|Protect|p1a: Charizard\n|-singleturn|p1a: Charizard|Protect\n|move|p2b: Basculegion|Wave Crash|p1a: Charizard\n|-activate|p1a: Charizard|move: Protect\n|move|p2a: Whimsicott|Moonblast|p1b: Basculegion\n|-damage|p1b: Basculegion|59/100\n|\n|-weather|SunnyDay|[upkeep]\n|upkeep\n|turn|5\n|-message|lolgz forfeited.\n|\n|win|Raynobi\n|n|\u2606Raynobi|raynobi\n|n|\u2606lolgz|lolgz\n|n| island pocket|islandpocket\n",
  "uploadtime": 1776276701,
  "views": 16,
  "formatid": "gen9championsvgc2026regma",
  "rating": null,
  "private": 0,
  "password": null
}