{
  "id": "gen9championsvgc2026regma-2584653751",
  "format": "[Gen 9 Champions] VGC 2026 Reg M-A",
  "players": [
    "wnailuj",
    "SixSevenHeatran"
  ],
  "log": "|j|\u2606wnailuj\n|j|\u2606SixSevenHeatran\n|t:|1776274673\n|gametype|doubles\n|player|p1|wnailuj|skyla|1179\n|player|p2|SixSevenHeatran|170|1180\n|gen|9\n|tier|[Gen 9 Champions] VGC 2026 Reg M-A\n|rated|\n|rule|Species Clause: Limit one of each Pok\u00e9mon\n|rule|Item Clause: Limit 1 of each item\n|clearpoke\n|poke|p1|Charizard, L50, M|\n|poke|p1|Maushold, L50|\n|poke|p1|Whimsicott, L50, M|\n|poke|p1|Garchomp, L50, F|\n|poke|p1|Kingambit, L50, F|\n|poke|p1|Sneasler, L50, M|\n|poke|p2|Incineroar, L50, M|\n|poke|p2|Drampa, L50, F|\n|poke|p2|Sinistcha, L50|\n|poke|p2|Farigiraf, L50, M|\n|poke|p2|Hatterene, L50, F|\n|poke|p2|Crabominable, L50, F|\n|teampreview|4\n|inactive|Battle timer is ON: inactive players will automatically lose when time's up. (requested by SixSevenHeatran)\n|inactive|wnailuj has 60 seconds left.\n|\n|t:|1776274704\n|teamsize|p1|4\n|teamsize|p2|4\n|start\n|switch|p1a: Kingambit|Kingambit, L50, F|100/100\n|switch|p1b: Maushold|Maushold, L50|100/100\n|switch|p2a: Farigiraf|Farigiraf, L50, M|100/100\n|switch|p2b: Crabominable|Crabominable, L50, F|100/100\n|turn|1\n|inactive|SixSevenHeatran has 30 seconds left.\n|\n|t:|1776274736\n|detailschange|p2b: Crabominable|Crabominable-Mega, L50, F\n|-mega|p2b: Crabominable|Crabominable|Crabominite\n|move|p1b: Maushold|Follow Me|p1b: Maushold\n|-singleturn|p1b: Maushold|move: Follow Me\n|move|p1a: Kingambit|Swords Dance|p1a: Kingambit\n|-boost|p1a: Kingambit|atk|2\n|move|p2b: Crabominable|Drain Punch|p1b: Maushold\n|-supereffective|p1b: Maushold|1\n|-enditem|p1b: Maushold|Chople Berry|[eat]\n|-enditem|p1b: Maushold|Chople Berry|[weaken]\n|-damage|p1b: Maushold|24/100\n|move|p2a: Farigiraf|Trick Room|p2a: Farigiraf\n|-fieldstart|move: Trick Room|[of] p2a: Farigiraf\n|\n|upkeep\n|turn|2\n|inactive|wnailuj has 30 seconds left.\n|inactive|SixSevenHeatran has 30 seconds left.\n|\n|t:|1776274768\n|move|p2b: Crabominable|Protect|p2b: Crabominable\n|-singleturn|p2b: Crabominable|Protect\n|move|p2a: Farigiraf|Psychic|p1b: Maushold\n|-damage|p1b: Maushold|0 fnt\n|faint|p1b: Maushold\n|move|p1a: Kingambit|Low Kick|p2b: Crabominable\n|-activate|p2b: Crabominable|move: Protect\n|\n|upkeep\n|\n|t:|1776274779\n|switch|p1b: Sneasler|Sneasler, L50, M|100/100\n|turn|3\n|inactive|wnailuj has 30 seconds left.\n|\n|t:|1776274808\n|move|p1b: Sneasler|Fake Out||[still]\n|cant|p2a: Farigiraf|ability: Armor Tail|Fake Out|[of] p1b: Sneasler\n|move|p2b: Crabominable|Drain Punch|p1a: Kingambit\n|-supereffective|p1a: Kingambit|2\n|-damage|p1a: Kingambit|0 fnt\n|faint|p1a: Kingambit\n|move|p2a: Farigiraf|Psychic|p1b: Sneasler\n|-supereffective|p1b: Sneasler|2\n|-damage|p1b: Sneasler|0 fnt\n|faint|p1b: Sneasler\n|\n|upkeep\n|\n|t:|1776274820\n|switch|p1b: Whimsicott|Whimsicott, L50, M|100/100\n|turn|4\n|c|\u2606wnailuj|gg\n|\n|t:|1776274836\n|move|p1b: Whimsicott|Sunny Day|p1b: Whimsicott\n|-weather|SunnyDay\n|move|p2b: Crabominable|Ice Hammer|p1b: Whimsicott\n|-supereffective|p1b: Whimsicott|1\n|-enditem|p1b: Whimsicott|Focus Sash\n|-damage|p1b: Whimsicott|1/100\n|-unboost|p2b: Crabominable|spe|1\n|move|p2a: Farigiraf|Psychic|p1b: Whimsicott\n|-damage|p1b: Whimsicott|0 fnt\n|faint|p1b: Whimsicott\n|\n|win|SixSevenHeatran\n|raw|wnailuj's rating: 1179 &rarr; <strong>1154</strong><br />(-25 for losing)\n|raw|SixSevenHeatran's rating: 1180 &rarr; <strong>1205</strong><br />(+25 for winning)\n|c|\u2606SixSevenHeatran|gg\n|l|\u2606SixSevenHeatran\n|player|p2|\n",
  "uploadtime": 1776274851,
  "views": 19,
  "formatid": "gen9championsvgc2026regma",
  "rating": 1154,
  "private": 0,
  "password": null
}