{
  "id": "gen9championsvgc2026regma-2581922984",
  "format": "[Gen 9 Champions] VGC 2026 Reg M-A",
  "players": [
    "vgchell",
    "trashman949494"
  ],
  "log": "|j|\u2606vgchell\n|j|\u2606trashman949494\n|t:|1776040079\n|gametype|doubles\n|player|p1|vgchell|2|1000\n|player|p2|trashman949494|265|1000\n|gen|9\n|tier|[Gen 9 Champions] VGC 2026 Reg M-A\n|rated|\n|rule|Species Clause: Limit one of each Pok\u00e9mon\n|rule|Item Clause: Limit 1 of each item\n|clearpoke\n|poke|p1|Tyranitar, L50, F|\n|poke|p1|Excadrill, L50, F|\n|poke|p1|Talonflame, L50, F|\n|poke|p1|Rotom-Wash, L50|\n|poke|p1|Kommo-o, L50, M|\n|poke|p1|Froslass, L50, F|\n|poke|p2|Scizor, L50, F|\n|poke|p2|Basculegion, L50, M|\n|poke|p2|Pelipper, L50, M|\n|poke|p2|Incineroar, L50, M|\n|poke|p2|Archaludon, L50, F|\n|poke|p2|Altaria, L50, M|\n|teampreview|4\n|inactive|Battle timer is ON: inactive players will automatically lose when time's up. (requested by trashman949494)\n|\n|t:|1776040144\n|teamsize|p1|4\n|teamsize|p2|4\n|start\n|switch|p1a: Talonflame|Talonflame, L50, F|100/100\n|switch|p1b: Kommo-o|Kommo-o, L50, M|100/100\n|switch|p2a: Incineroar|Incineroar, L50, M|100/100\n|switch|p2b: Archaludon|Archaludon, L50, F|100/100\n|-ability|p2a: Incineroar|Intimidate|boost\n|-unboost|p1a: Talonflame|atk|1\n|-unboost|p1b: Kommo-o|atk|1\n|turn|1\n|inactive|vgchell has 30 seconds left.\n|inactive|vgchell has 20 seconds left.\n|\n|t:|1776040179\n|move|p1b: Kommo-o|Protect|p1b: Kommo-o\n|-singleturn|p1b: Kommo-o|Protect\n|move|p1a: Talonflame|Flare Blitz|p2b: Archaludon\n|-damage|p2b: Archaludon|76/100\n|-ability|p2b: Archaludon|Stamina|boost\n|-boost|p2b: Archaludon|def|1\n|-damage|p1a: Talonflame|91/100|[from] Recoil\n|move|p2b: Archaludon|Dragon Pulse|p1a: Talonflame\n|-damage|p1a: Talonflame|11/100\n|move|p2a: Incineroar|Darkest Lariat|p1a: Talonflame\n|-damage|p1a: Talonflame|0 fnt\n|faint|p1a: Talonflame\n|\n|-heal|p2b: Archaludon|82/100|[from] item: Leftovers\n|upkeep\n|\n|t:|1776040194\n|switch|p1a: Froslass|Froslass, L50, F|100/100\n|turn|2\n|\n|t:|1776040207\n|detailschange|p1a: Froslass|Froslass-Mega, L50, F\n|-mega|p1a: Froslass|Froslass|Froslassite\n|-weather|Snowscape|[from] ability: Snow Warning|[of] p1a: Froslass\n|move|p1a: Froslass|Blizzard|p2b: Archaludon|[spread] p2a,p2b\n|-resisted|p2a: Incineroar|1\n|-crit|p2a: Incineroar\n|-damage|p2a: Incineroar|73/100\n|-damage|p2b: Archaludon|33/100\n|-ability|p2b: Archaludon|Stamina|boost\n|-boost|p2b: Archaludon|def|1\n|move|p1b: Kommo-o|Clanging Scales|p2a: Incineroar|[spread] p2a,p2b\n|-damage|p2a: Incineroar|40/100\n|-damage|p2b: Archaludon|0 fnt\n|faint|p2b: Archaludon\n|-unboost|p1b: Kommo-o|def|1\n|move|p2a: Incineroar|Parting Shot|p1b: Kommo-o\n|-unboost|p1b: Kommo-o|atk|1\n|-unboost|p1b: Kommo-o|spa|1\n|\n|t:|1776040223\n|switch|p2a: Basculegion|Basculegion, L50, M|100/100|[from] Parting Shot\n|\n|-weather|Snowscape|[upkeep]\n|upkeep\n|\n|t:|1776040225\n|switch|p2b: Altaria|Altaria, L50, M|100/100\n|-ability|p2b: Altaria|Cloud Nine\n|turn|3\n|\n|t:|1776040238\n|move|p2b: Altaria|Protect|p2b: Altaria\n|-singleturn|p2b: Altaria|Protect\n|move|p1a: Froslass|Shadow Ball|p2a: Basculegion\n|-supereffective|p2a: Basculegion|1\n|-damage|p2a: Basculegion|18/100\n|move|p1b: Kommo-o|Clanging Scales|p2b: Altaria|[spread] p2a\n|-activate|p2b: Altaria|move: Protect\n|-damage|p2a: Basculegion|0 fnt\n|faint|p2a: Basculegion\n|-unboost|p1b: Kommo-o|def|1\n|\n|-weather|Snowscape|[upkeep]\n|upkeep\n|-message|trashman949494 forfeited.\n|\n|win|vgchell\n|raw|vgchell's rating: 1000 &rarr; <strong>1040</strong><br />(+40 for winning)\n|raw|trashman949494's rating: 1000 &rarr; <strong>1000</strong><br />(+0 for losing)\n|l|\u2606trashman949494\n|player|p2|\n",
  "uploadtime": 1776040278,
  "views": 19,
  "formatid": "gen9championsvgc2026regma",
  "rating": 1000,
  "private": 0,
  "password": null
}