{
  "id": "gen9championsvgc2026regma-2587041657",
  "format": "[Gen 9 Champions] VGC 2026 Reg M-A",
  "players": [
    "SmolivOilVGC",
    "AzureChuck"
  ],
  "log": "|j|\u2606SmolivOilVGC\n|j|\u2606AzureChuck\n|t:|1776485567\n|gametype|doubles\n|player|p1|SmolivOilVGC|bianca-masters|1042\n|player|p2|AzureChuck|101|1000\n|gen|9\n|tier|[Gen 9 Champions] VGC 2026 Reg M-A\n|rated|\n|rule|Species Clause: Limit one of each Pok\u00e9mon\n|rule|Item Clause: Limit 1 of each item\n|clearpoke\n|poke|p1|Incineroar, L50, M|\n|poke|p1|Sneasler, L50, M|\n|poke|p1|Charizard, L50, M|\n|poke|p1|Sinistcha, L50|\n|poke|p1|Toxapex, L50, F|\n|poke|p1|Basculegion, L50, M|\n|poke|p2|Gengar, L50, F|\n|poke|p2|Heliolisk, L50, M|\n|poke|p2|Maushold-Four, L50|\n|poke|p2|Corviknight, L50, M|\n|poke|p2|Whimsicott, L50, M|\n|poke|p2|Pelipper, L50, F|\n|teampreview|4\n|inactive|Battle timer is ON: inactive players will automatically lose when time's up. (requested by AzureChuck)\n|inactive|AzureChuck has 60 seconds left.\n|\n|t:|1776485601\n|teamsize|p1|4\n|teamsize|p2|4\n|start\n|switch|p1a: Sneasler|Sneasler, L50, M|100/100\n|switch|p1b: Charizard|Charizard, L50, M|100/100\n|switch|p2a: The Control|Whimsicott, L50, M|100/100\n|switch|p2b: The Intel|Heliolisk, L50, M|100/100\n|turn|1\n|\n|t:|1776485625\n|move|p2a: The Control|Tailwind|p2a: The Control\n|-sidestart|p2: AzureChuck|move: Tailwind\n|move|p2b: The Intel|Electroweb|p1b: Charizard|[spread] p1a,p1b\n|-supereffective|p1b: Charizard|1\n|-crit|p1b: Charizard\n|-damage|p1a: Sneasler|73/100\n|-damage|p1b: Charizard|35/100\n|-unboost|p1a: Sneasler|spe|1\n|-unboost|p1b: Charizard|spe|1\n|-enditem|p1a: Sneasler|White Herb\n|-clearnegativeboost|p1a: Sneasler|[silent]\n|move|p1a: Sneasler|Dire Claw|p2a: The Control\n|-supereffective|p2a: The Control|2\n|-enditem|p2a: The Control|Focus Sash\n|-damage|p2a: The Control|1/100\n|move|p1b: Charizard|Dragon Dance|p1b: Charizard\n|-boost|p1b: Charizard|atk|1\n|-boost|p1b: Charizard|spe|1\n|\n|upkeep\n|turn|2\n|inactive|AzureChuck has 30 seconds left.\n|\n|t:|1776485651\n|detailschange|p1b: Charizard|Charizard-Mega-X, L50, M\n|-mega|p1b: Charizard|Charizard|Charizardite X\n|move|p2a: The Control|Encore|p1b: Charizard\n|-start|p1b: Charizard|Encore\n|move|p2b: The Intel|Shed Tail|p2b: The Intel\n|-start|p2b: The Intel|Substitute|[from] move: Shed Tail\n|-damage|p2b: The Intel|50/100\n|-enditem|p2b: The Intel|Sitrus Berry|[eat]\n|-heal|p2b: The Intel|75/100|[from] item: Sitrus Berry\n|\n|t:|1776485660\n|switch|p2b: Him.|Gengar, L50, F|100/100|[from] Shed Tail\n|move|p1a: Sneasler|Close Combat|p2b: Him.\n|-immune|p2b: Him.\n|move|p1b: Charizard|Dragon Dance|p1b: Charizard\n|-boost|p1b: Charizard|atk|1\n|-boost|p1b: Charizard|spe|1\n|\n|upkeep\n|turn|3\n|\n|t:|1776485682\n|switch|p1a: Sinistcha|Sinistcha, L50|100/100\n|-heal|p1b: Charizard|60/100|[from] ability: Hospitality|[of] p1a: Sinistcha\n|detailschange|p2b: Him.|Gengar-Mega, L50, F\n|-mega|p2b: Him.|Gengar|Gengarite\n|move|p2a: The Control|Encore||[still]\n|-fail|p2a: The Control\n|move|p2b: Him.|Icy Wind|p1a: Sinistcha|[spread] p1b\n|-miss|p2b: Him.|p1a: Sinistcha\n|-damage|p1b: Charizard|39/100\n|-unboost|p1b: Charizard|spe|1\n|move|p1b: Charizard|Dragon Dance|p1b: Charizard\n|-boost|p1b: Charizard|atk|1\n|-boost|p1b: Charizard|spe|1\n|\n|upkeep\n|turn|4\n|\n|t:|1776485704\n|move|p1a: Sinistcha|Rage Powder|p1a: Sinistcha\n|-singleturn|p1a: Sinistcha|move: Rage Powder\n|move|p2b: Him.|Icy Wind|p1a: Sinistcha|[spread] p1a,p1b\n|-supereffective|p1a: Sinistcha|1\n|-damage|p1a: Sinistcha|63/100\n|-damage|p1b: Charizard|20/100\n|-unboost|p1a: Sinistcha|spe|1\n|-unboost|p1b: Charizard|spe|1\n|move|p2a: The Control|Moonblast|p1b: Charizard\n|-damage|p1b: Charizard|0 fnt\n|faint|p1b: Charizard\n|\n|-sideend|p2: AzureChuck|move: Tailwind\n|upkeep\n|-message|SmolivOilVGC forfeited.\n|\n|win|AzureChuck\n|raw|SmolivOilVGC's rating: 1042 &rarr; <strong>1024</strong><br />(-18 for losing)\n|raw|AzureChuck's rating: 1000 &rarr; <strong>1045</strong><br />(+45 for winning)\n|l|\u2606SmolivOilVGC\n|player|p1|\n",
  "uploadtime": 1776485719,
  "views": 20,
  "formatid": "gen9championsvgc2026regma",
  "rating": 1024,
  "private": 0,
  "password": null
}