{
  "id": "gen9championsvgc2026regma-2586260919",
  "format": "[Gen 9 Champions] VGC 2026 Reg M-A",
  "players": [
    "StrawberryBalloons",
    "Jackbot92"
  ],
  "log": "|j|\u203dStrawberryBalloons\n|j|\u2606Jackbot92\n|t:|1776418598\n|gametype|doubles\n|player|p1|StrawberryBalloons|fisherman-gen4|1275\n|player|p2|Jackbot92|2|1222\n|gen|9\n|tier|[Gen 9 Champions] VGC 2026 Reg M-A\n|rated|\n|rule|Species Clause: Limit one of each Pok\u00e9mon\n|rule|Item Clause: Limit 1 of each item\n|clearpoke\n|poke|p1|Snorlax, L50, M|\n|poke|p1|Sinistcha, L50|\n|poke|p1|Incineroar, L50, M|\n|poke|p1|Aggron, L50, F|\n|poke|p1|Milotic, L50, M|\n|poke|p1|Sneasler, L50, F|\n|poke|p2|Rotom-Frost, L50|\n|poke|p2|Garchomp, L50, M|\n|poke|p2|Froslass, L50, F|\n|poke|p2|Volcarona, L50, M|\n|poke|p2|Sneasler, L50, M|\n|poke|p2|Milotic, L50, M|\n|teampreview|4\n|inactive|Battle timer is ON: inactive players will automatically lose when time's up. (requested by StrawberryBalloons)\n|inactive|Jackbot92 has 60 seconds left.\n|\n|t:|1776418648\n|teamsize|p1|4\n|teamsize|p2|4\n|start\n|switch|p1a: Snorlax|Snorlax, L50, M|100/100\n|switch|p1b: Sinistcha|Sinistcha, L50|100/100\n|switch|p2a: Froslass|Froslass, L50, F|100/100\n|switch|p2b: Milotic|Milotic, L50, M|100/100\n|turn|1\n|inactive|Jackbot92 has 30 seconds left.\n|inactive|Jackbot92 has 20 seconds left.\n|inactive|Jackbot92 has 15 seconds left.\n|\n|t:|1776418692\n|switch|p2b: Volcarona|Volcarona, L50, M|100/100\n|detailschange|p2a: Froslass|Froslass-Mega, L50, F\n|-mega|p2a: Froslass|Froslass|Froslassite\n|-weather|Snowscape|[from] ability: Snow Warning|[of] p2a: Froslass\n|move|p2a: Froslass|Aurora Veil|p2a: Froslass\n|-sidestart|p2: Jackbot92|move: Aurora Veil\n|move|p1a: Snorlax|Belly Drum|p1a: Snorlax\n|-damage|p1a: Snorlax|50/100\n|-setboost|p1a: Snorlax|atk|6|[from] move: Belly Drum\n|-enditem|p1a: Snorlax|Sitrus Berry|[eat]\n|-heal|p1a: Snorlax|75/100|[from] item: Sitrus Berry\n|move|p1b: Sinistcha|Trick Room|p1b: Sinistcha\n|-fieldstart|move: Trick Room|[of] p1b: Sinistcha\n|\n|-weather|Snowscape|[upkeep]\n|upkeep\n|turn|2\n|\n|t:|1776418716\n|move|p1a: Snorlax|Rock Slide|p2b: Volcarona|[spread] p2a,p2b\n|-supereffective|p2a: Froslass|1\n|-supereffective|p2b: Volcarona|2\n|-damage|p2a: Froslass|0 fnt\n|-damage|p2b: Volcarona|0 fnt\n|faint|p2a: Froslass\n|faint|p2b: Volcarona\n|move|p1b: Sinistcha|Shadow Ball|p2: Froslass|[notarget]\n|-fail|p1b: Sinistcha\n|\n|-weather|Snowscape|[upkeep]\n|upkeep\n|\n|t:|1776418728\n|switch|p2b: Milotic|Milotic, L50, M|100/100\n|switch|p2a: Garchomp|Garchomp, L50, M|100/100\n|turn|3\n|\n|t:|1776418742\n|move|p1a: Snorlax|Body Slam|p2a: Garchomp\n|-damage|p2a: Garchomp|0 fnt\n|-damage|p1a: Snorlax|63/100|[from] ability: Rough Skin|[of] p2a: Garchomp\n|faint|p2a: Garchomp\n|move|p1b: Sinistcha|Matcha Gotcha|p2b: Milotic\n|-supereffective|p2b: Milotic|1\n|-damage|p2b: Milotic|58/100\n|move|p2b: Milotic|Muddy Water|p1b: Sinistcha|[spread] p1a,p1b\n|-resisted|p1b: Sinistcha|1\n|-damage|p1a: Snorlax|49/100\n|-damage|p1b: Sinistcha|87/100\n|-unboost|p1a: Snorlax|accuracy|1\n|\n|-weather|Snowscape|[upkeep]\n|-heal|p2b: Milotic|64/100|[from] item: Leftovers\n|upkeep\n|turn|4\n|-message|Jackbot92 forfeited.\n|\n|win|StrawberryBalloons\n|raw|StrawberryBalloons's rating: 1275 &rarr; <strong>1296</strong><br />(+21 for winning)\n|raw|Jackbot92's rating: 1222 &rarr; <strong>1201</strong><br />(-21 for losing)\n|l|\u2606Jackbot92\n|player|p2|\n",
  "uploadtime": 1776418758,
  "views": 26,
  "formatid": "gen9championsvgc2026regma",
  "rating": 1201,
  "private": 0,
  "password": null
}