{
  "id": "gen9championsvgc2026regma-2588643989",
  "format": "[Gen 9 Champions] VGC 2026 Reg M-A",
  "players": [
    "Goodmann",
    "areestoo"
  ],
  "log": "|j|\u2606Goodmann\n|j|\u2606areestoo\n|t:|1776653182\n|gametype|doubles\n|player|p1|Goodmann|cynthia|1448\n|player|p2|areestoo|102|1387\n|gen|9\n|tier|[Gen 9 Champions] VGC 2026 Reg M-A\n|rated|\n|rule|Species Clause: Limit one of each Pok\u00e9mon\n|rule|Item Clause: Limit 1 of each item\n|clearpoke\n|poke|p1|Floette-Eternal, L50, F|\n|poke|p1|Garchomp, L50, M|\n|poke|p1|Charizard, L50, F|\n|poke|p1|Incineroar, L50, F|\n|poke|p1|Aerodactyl, L50, M|\n|poke|p1|Sinistcha-Masterpiece, L50|\n|poke|p2|Chimecho, L50, F|\n|poke|p2|Alcremie, L50, F|\n|poke|p2|Garchomp, L50, M|\n|poke|p2|Pelipper, L50, M|\n|poke|p2|Tsareena, L50, F|\n|poke|p2|Incineroar, L50, F|\n|teampreview|4\n|inactive|Battle timer is ON: inactive players will automatically lose when time's up. (requested by areestoo)\n|j| EnesBatur\n|l| EnesBatur\n|inactive|Goodmann has 60 seconds left.\n|inactive|areestoo has 60 seconds left.\n|\n|t:|1776653223\n|teamsize|p1|4\n|teamsize|p2|4\n|start\n|switch|p1a: Garchomp|Garchomp, L50, M|100/100\n|switch|p1b: Charizard|Charizard, L50, F|100/100\n|switch|p2a: Chimecho|Chimecho, L50, F|100/100\n|switch|p2b: Incineroar|Incineroar, L50, F|100/100\n|-ability|p2b: Incineroar|Intimidate|boost\n|-unboost|p1a: Garchomp|atk|1\n|-unboost|p1b: Charizard|atk|1\n|turn|1\n|\n|t:|1776653242\n|switch|p1b: Sinistcha|Sinistcha-Masterpiece, L50|100/100\n|detailschange|p2a: Chimecho|Chimecho-Mega, L50, F\n|-mega|p2a: Chimecho|Chimecho|Chimechite\n|move|p2b: Incineroar|Fake Out|p1b: Sinistcha\n|-immune|p1b: Sinistcha\n|move|p1a: Garchomp|Rock Slide|p2a: Chimecho|[spread] p2a,p2b\n|-resisted|p2a: Chimecho|1\n|-supereffective|p2b: Incineroar|1\n|-damage|p2a: Chimecho|96/100\n|-damage|p2b: Incineroar|74/100\n|cant|p2a: Chimecho|flinch\n|\n|upkeep\n|turn|2\n|inactive|Goodmann has 30 seconds left.\n|\n|t:|1776653272\n|switch|p1b: Charizard|Charizard, L50, F|100/100\n|move|p1a: Garchomp|Rock Slide|p2b: Incineroar|[spread] p2a,p2b\n|-resisted|p2a: Chimecho|1\n|-supereffective|p2b: Incineroar|1\n|-damage|p2a: Chimecho|90/100\n|-damage|p2b: Incineroar|47/100\n|-enditem|p2b: Incineroar|Sitrus Berry|[eat]\n|-heal|p2b: Incineroar|72/100|[from] item: Sitrus Berry\n|cant|p2b: Incineroar|flinch\n|move|p2a: Chimecho|Trick Room|p2a: Chimecho\n|-fieldstart|move: Trick Room|[of] p2a: Chimecho\n|\n|upkeep\n|turn|3\n|\n|t:|1776653296\n|detailschange|p1b: Charizard|Charizard-Mega-Y, L50, F\n|-mega|p1b: Charizard|Charizard|Charizardite Y\n|-weather|SunnyDay|[from] ability: Drought|[of] p1b: Charizard\n|move|p2b: Incineroar|Flare Blitz|p1b: Charizard\n|-resisted|p1b: Charizard|1\n|-damage|p1b: Charizard|53/100\n|-damage|p2b: Incineroar|58/100|[from] Recoil\n|move|p2a: Chimecho|Psychic|p1b: Charizard\n|-damage|p1b: Charizard|13/100\n|move|p1b: Charizard|Heat Wave|p2b: Incineroar|[spread] p2a,p2b\n|-supereffective|p2a: Chimecho|1\n|-resisted|p2b: Incineroar|1\n|-damage|p2a: Chimecho|0 fnt\n|-damage|p2b: Incineroar|29/100\n|faint|p2a: Chimecho\n|move|p1a: Garchomp|Rock Slide|p2b: Incineroar\n|-supereffective|p2b: Incineroar|1\n|-damage|p2b: Incineroar|0 fnt\n|faint|p2b: Incineroar\n|\n|-weather|SunnyDay|[upkeep]\n|upkeep\n|-message|areestoo forfeited.\n|\n|win|Goodmann\n|raw|Goodmann's rating: 1448 &rarr; <strong>1465</strong><br />(+17 for winning)\n|raw|areestoo's rating: 1387 &rarr; <strong>1370</strong><br />(-17 for losing)\n",
  "uploadtime": 1776653313,
  "views": 5,
  "formatid": "gen9championsvgc2026regma",
  "rating": 1370,
  "private": 0,
  "password": null
}