{
  "id": "gen9championsvgc2026regma-2586484697",
  "format": "[Gen 9 Champions] VGC 2026 Reg M-A",
  "players": [
    "iliasdelm",
    "Jackbot92"
  ],
  "log": "|j|\u2606iliasdelm\n|j|\u2606Jackbot92\n|t:|1776437866\n|gametype|doubles\n|player|p1|iliasdelm|gambler|1402\n|player|p2|Jackbot92|2|1305\n|gen|9\n|tier|[Gen 9 Champions] VGC 2026 Reg M-A\n|rated|\n|rule|Species Clause: Limit one of each Pok\u00e9mon\n|rule|Item Clause: Limit 1 of each item\n|clearpoke\n|poke|p1|Heracross, L50, M|\n|poke|p1|Pelipper, L50, F|\n|poke|p1|Archaludon, L50, F|\n|poke|p1|Dragonite, L50, F|\n|poke|p1|Basculegion, L50, M|\n|poke|p1|Incineroar, L50, M|\n|poke|p2|Abomasnow, L50, M|\n|poke|p2|Kingambit, L50, F|\n|poke|p2|Farigiraf, L50, M|\n|poke|p2|Milotic, L50, F|\n|poke|p2|Conkeldurr, L50, M|\n|poke|p2|Glimmora, L50, M|\n|teampreview|4\n|\n|t:|1776437921\n|teamsize|p1|4\n|teamsize|p2|4\n|start\n|switch|p1a: Heracross|Heracross, L50, M|100/100\n|switch|p1b: Archaludon|Archaludon, L50, F|100/100\n|switch|p2a: Farigiraf|Farigiraf, L50, M|100/100\n|switch|p2b: Abomasnow|Abomasnow, L50, M|100/100\n|-weather|Snowscape|[from] ability: Snow Warning|[of] p2b: Abomasnow\n|turn|1\n|\n|t:|1776437955\n|detailschange|p1a: Heracross|Heracross-Mega, L50, M\n|-mega|p1a: Heracross|Heracross|Heracronite\n|move|p2a: Farigiraf|Protect|p2a: Farigiraf\n|-singleturn|p2a: Farigiraf|Protect\n|move|p1b: Archaludon|Flash Cannon|p2b: Abomasnow\n|-supereffective|p2b: Abomasnow|1\n|-damage|p2b: Abomasnow|24/100\n|move|p1a: Heracross|Pin Missile|p2a: Farigiraf\n|-activate|p2a: Farigiraf|move: Protect\n|move|p2b: Abomasnow|Aurora Veil|p2b: Abomasnow\n|-sidestart|p2: Jackbot92|move: Aurora Veil\n|\n|-weather|Snowscape|[upkeep]\n|upkeep\n|turn|2\n|\n|t:|1776437991\n|move|p1b: Archaludon|Flash Cannon|p2b: Abomasnow\n|-supereffective|p2b: Abomasnow|1\n|-damage|p2b: Abomasnow|0 fnt\n|faint|p2b: Abomasnow\n|move|p1a: Heracross|Pin Missile|p2a: Farigiraf\n|-supereffective|p2a: Farigiraf|1\n|-damage|p2a: Farigiraf|81/100\n|-supereffective|p2a: Farigiraf|1\n|-damage|p2a: Farigiraf|60/100\n|-supereffective|p2a: Farigiraf|1\n|-damage|p2a: Farigiraf|39/100\n|-enditem|p2a: Farigiraf|Sitrus Berry|[eat]\n|-heal|p2a: Farigiraf|63/100|[from] item: Sitrus Berry\n|-supereffective|p2a: Farigiraf|1\n|-crit|p2a: Farigiraf\n|-damage|p2a: Farigiraf|19/100\n|-supereffective|p2a: Farigiraf|1\n|-damage|p2a: Farigiraf|0 fnt\n|faint|p2a: Farigiraf\n|-hitcount|p2: Farigiraf|5\n|\n|-weather|Snowscape|[upkeep]\n|upkeep\n|\n|t:|1776438012\n|switch|p2a: Kingambit|Kingambit, L50, F|100/100\n|switch|p2b: Glimmora|Glimmora, L50, M|100/100\n|turn|3\n|-message|Jackbot92 forfeited.\n|\n|win|iliasdelm\n|raw|iliasdelm's rating: 1402 &rarr; <strong>1417</strong><br />(+15 for winning)\n|raw|Jackbot92's rating: 1305 &rarr; <strong>1290</strong><br />(-15 for losing)\n|l|\u2606Jackbot92\n|player|p2|\n",
  "uploadtime": 1776438039,
  "views": 47,
  "formatid": "gen9championsvgc2026regma",
  "rating": 1290,
  "private": 0,
  "password": null
}