{
  "id": "gen9championsvgc2026regma-2584699685",
  "format": "[Gen 9 Champions] VGC 2026 Reg M-A",
  "players": [
    "amongdripgoku",
    "perjutsu24"
  ],
  "log": "|j|\u2606amongdripgoku\n|j|\u2606perjutsu24\n|t:|1776277615\n|gametype|doubles\n|player|p1|amongdripgoku|102|1144\n|player|p2|perjutsu24|cynthia-gen4|1227\n|gen|9\n|tier|[Gen 9 Champions] VGC 2026 Reg M-A\n|rated|\n|rule|Species Clause: Limit one of each Pok\u00e9mon\n|rule|Item Clause: Limit 1 of each item\n|clearpoke\n|poke|p1|Pelipper, L50, M|\n|poke|p1|Gengar, L50, M|\n|poke|p1|Greninja-*, L50, F|\n|poke|p1|Basculegion, L50, M|\n|poke|p1|Archaludon, L50, F|\n|poke|p1|Decidueye-Hisui, L50, F|\n|poke|p2|Victreebel, L50, M|\n|poke|p2|Aerodactyl, L50, M|\n|poke|p2|Pelipper, L50, F|\n|poke|p2|Mamoswine, L50, M|\n|poke|p2|Gyarados, L50, M|\n|poke|p2|Sneasler, L50, M|\n|teampreview|4\n|\n|t:|1776277677\n|teamsize|p1|4\n|teamsize|p2|4\n|start\n|switch|p1a: Basculegion|Basculegion, L50, M|100/100\n|switch|p1b: Pelipper|Pelipper, L50, M|100/100\n|switch|p2a: Victreebel|Victreebel, L50, M|100/100\n|switch|p2b: Sneasler|Sneasler, L50, M|100/100\n|-weather|RainDance|[from] ability: Drizzle|[of] p1b: Pelipper\n|turn|1\n|\n|t:|1776277705\n|detailschange|p2a: Victreebel|Victreebel-Mega, L50, M\n|-mega|p2a: Victreebel|Victreebel|Victreebelite\n|move|p2b: Sneasler|Protect|p2b: Sneasler\n|-singleturn|p2b: Sneasler|Protect\n|move|p1b: Pelipper|Protect|p1b: Pelipper\n|-singleturn|p1b: Pelipper|Protect\n|move|p1a: Basculegion|Flip Turn|p2b: Sneasler\n|-activate|p2b: Sneasler|move: Protect\n|move|p2a: Victreebel|Energy Ball|p1a: Basculegion\n|-supereffective|p1a: Basculegion|1\n|-damage|p1a: Basculegion|0 fnt\n|faint|p1a: Basculegion\n|\n|-weather|RainDance|[upkeep]\n|upkeep\n|inactive|Battle timer is ON: inactive players will automatically lose when time's up. (requested by amongdripgoku)\n|\n|t:|1776277716\n|switch|p1a: Greninja|Greninja, L50, F|100/100\n|turn|2\n|inactive|perjutsu24 has 30 seconds left.\n|inactive|perjutsu24 has 20 seconds left.\n|\n|t:|1776277756\n|move|p1a: Greninja|Surf|p2a: Victreebel|[spread] p1b,p2a,p2b\n|-start|p1a: Greninja|typechange|Water|[from] ability: Protean\n|-resisted|p1b: Pelipper|1\n|-resisted|p2a: Victreebel|1\n|-damage|p1b: Pelipper|81/100\n|-damage|p2a: Victreebel|75/100\n|-damage|p2b: Sneasler|37/100\n|move|p2b: Sneasler|Dire Claw|p1b: Pelipper\n|-damage|p1b: Pelipper|39/100\n|move|p2a: Victreebel|Energy Ball|p1a: Greninja\n|-supereffective|p1a: Greninja|1\n|-damage|p1a: Greninja|0 fnt\n|faint|p1a: Greninja\n|move|p1b: Pelipper|Hurricane|p2a: Victreebel\n|-supereffective|p2a: Victreebel|1\n|-damage|p2a: Victreebel|0 fnt\n|-damage|p1b: Pelipper|0 fnt|[from] ability: Innards Out|[of] p2a: Victreebel\n|faint|p2a: Victreebel\n|faint|p1b: Pelipper\n|\n|-weather|RainDance|[upkeep]\n|upkeep\n|-message|amongdripgoku forfeited.\n|\n|win|perjutsu24\n|raw|amongdripgoku's rating: 1144 &rarr; <strong>1125</strong><br />(-19 for losing)\n|raw|perjutsu24's rating: 1227 &rarr; <strong>1246</strong><br />(+19 for winning)\n",
  "uploadtime": 1776277770,
  "views": 15,
  "formatid": "gen9championsvgc2026regma",
  "rating": 1125,
  "private": 0,
  "password": null
}