{
  "id": "gen9championsvgc2026regma-2581075218",
  "format": "[Gen 9 Champions] VGC 2026 Reg M-A",
  "players": [
    "ewertubos",
    "ChampEYan"
  ],
  "log": "|j|\u2606ewertubos\n|j|\u2606ChampEYan\n|t:|1775957506\n|gametype|doubles\n|player|p1|ewertubos|hilbert|1031\n|player|p2|ChampEYan|1|1000\n|gen|9\n|tier|[Gen 9 Champions] VGC 2026 Reg M-A\n|rated|\n|rule|Species Clause: Limit one of each Pok\u00e9mon\n|rule|Item Clause: Limit 1 of each item\n|clearpoke\n|poke|p1|Charizard, L50, M|\n|poke|p1|Whimsicott, L50, F|\n|poke|p1|Garchomp, L50, M|\n|poke|p1|Incineroar, L50, M|\n|poke|p1|Gyarados, L50, M|\n|poke|p1|Farigiraf, L50, F|\n|poke|p2|Floette-Eternal, L50, F|\n|poke|p2|Maushold, L50|\n|poke|p2|Garchomp, L50, F|\n|poke|p2|Talonflame, L50, F|\n|poke|p2|Sinistcha, L50|\n|poke|p2|Kingambit, L50, M|\n|teampreview|4\nChampEYan has agreed to open team sheets.\n|\n|t:|1775957555\n|teamsize|p1|4\n|teamsize|p2|4\n|start\n|switch|p1a: Incineroar|Incineroar, L50, M|100/100\n|switch|p1b: Gyarados|Gyarados, L50, M|100/100\n|switch|p2a: Garchomp|Garchomp, L50, F|100/100\n|switch|p2b: Kingambit|Kingambit, L50, M|100/100\n|-ability|p1b: Gyarados|Intimidate|boost\n|-unboost|p2a: Garchomp|atk|1\n|-unboost|p2b: Kingambit|atk|1\n|-ability|p2b: Kingambit|Defiant|boost\n|-boost|p2b: Kingambit|atk|2\n|-ability|p1a: Incineroar|Intimidate|boost\n|-unboost|p2a: Garchomp|atk|1\n|-unboost|p2b: Kingambit|atk|1\n|-ability|p2b: Kingambit|Defiant|boost\n|-boost|p2b: Kingambit|atk|2\n|turn|1\n|\n|t:|1775957599\n|switch|p2a: Maushold|Maushold, L50|100/100\n|move|p1a: Incineroar|Fake Out|p2a: Maushold\n|-damage|p2a: Maushold|86/100\n|move|p1b: Gyarados|Waterfall|p2a: Maushold\n|-damage|p2a: Maushold|33/100\n|move|p2b: Kingambit|Low Kick|p1a: Incineroar\n|-supereffective|p1a: Incineroar|1\n|-damage|p1a: Incineroar|0 fnt\n|faint|p1a: Incineroar\n|\n|upkeep\n|\n|t:|1775957622\n|switch|p1a: Charizard|Charizard, L50, M, shiny|100/100\n|turn|2\n|\n|t:|1775957634\n|detailschange|p1a: Charizard|Charizard-Mega-Y, L50, M, shiny\n|-mega|p1a: Charizard|Charizard|Charizardite Y\n|-weather|SunnyDay|[from] ability: Drought|[of] p1a: Charizard\n|move|p2a: Maushold|Protect|p2a: Maushold\n|-singleturn|p2a: Maushold|Protect\n|move|p2b: Kingambit|Sucker Punch|p1a: Charizard\n|-damage|p1a: Charizard|0 fnt\n|faint|p1a: Charizard\n|move|p1b: Gyarados|Taunt|p2a: Maushold\n|-activate|p2a: Maushold|move: Protect\n|\n|-weather|SunnyDay|[upkeep]\n|upkeep\n|\n|t:|1775957647\n|switch|p1a: Garchomp|Garchomp, L50, M|100/100\n|turn|3\n|\n|t:|1775957658\n|move|p2a: Maushold|Follow Me|p2a: Maushold\n|-singleturn|p2a: Maushold|move: Follow Me\n|move|p1a: Garchomp|Stomping Tantrum|p2a: Maushold\n|-damage|p2a: Maushold|0 fnt\n|faint|p2a: Maushold\n|move|p1b: Gyarados|Taunt|p2b: Kingambit\n|-start|p2b: Kingambit|move: Taunt\n|move|p2b: Kingambit|Kowtow Cleave|p1a: Garchomp\n|-crit|p1a: Garchomp\n|-damage|p1a: Garchomp|0 fnt\n|-damage|p2b: Kingambit|88/100|[from] ability: Rough Skin|[of] p1a: Garchomp\n|faint|p1a: Garchomp\n|\n|-weather|SunnyDay|[upkeep]\n|upkeep\n|-message|ewertubos forfeited.\n|\n|win|ChampEYan\n|raw|ewertubos's rating: 1031 &rarr; <strong>1015</strong><br />(-16 for losing)\n|raw|ChampEYan's rating: 1000 &rarr; <strong>1044</strong><br />(+44 for winning)\n|l|\u2606ewertubos\n|player|p1|\n",
  "uploadtime": 1775957677,
  "views": 12,
  "formatid": "gen9championsvgc2026regma",
  "rating": 1015,
  "private": 0,
  "password": null
}