{
  "id": "gen9championsvgc2026regma-2582768133",
  "format": "[Gen 9 Champions] VGC 2026 Reg M-A",
  "players": [
    "Guiding Quem",
    "jorginocoke"
  ],
  "log": "|j|\u2606Guiding Quem\n|j|\u2606jorginocoke\n|t:|1776112734\n|gametype|doubles\n|player|p1|Guiding Quem|cynthia-masters4|1385\n|player|p2|jorginocoke|266|1334\n|gen|9\n|tier|[Gen 9 Champions] VGC 2026 Reg M-A\n|rated|\n|rule|Species Clause: Limit one of each Pok\u00e9mon\n|rule|Item Clause: Limit 1 of each item\n|clearpoke\n|poke|p1|Floette-Eternal, L50, F|\n|poke|p1|Maushold, L50|\n|poke|p1|Garchomp, L50, F|\n|poke|p1|Talonflame, L50, M|\n|poke|p1|Rotom-Wash, L50|\n|poke|p1|Aegislash, L50, F|\n|poke|p2|Mimikyu, L50, M|\n|poke|p2|Crabominable, L50, F|\n|poke|p2|Kingambit, L50, M|\n|poke|p2|Chandelure, L50, F|\n|poke|p2|Mudsdale, L50, F|\n|poke|p2|Drampa, L50, M|\n|teampreview|4\n|inactive|Battle timer is ON: inactive players will automatically lose when time's up. (requested by jorginocoke)\n|\n|t:|1776112765\n|teamsize|p1|4\n|teamsize|p2|4\n|start\n|switch|p1a: Floette|Floette-Eternal, L50, F|100/100\n|switch|p1b: Maushold|Maushold, L50|100/100\n|switch|p2a: Mimikyu|Mimikyu, L50, M|100/100\n|switch|p2b: Kingambit|Kingambit, L50, M|100/100\n|turn|1\n|\n|t:|1776112770\n|detailschange|p1a: Floette|Floette-Mega, L50, F\n|-mega|p1a: Floette|Floette|Floettite\n|-ability|p1a: Floette|Fairy Aura\n|move|p1b: Maushold|Super Fang|p2b: Kingambit\n|-damage|p2b: Kingambit|51/100\n|move|p1a: Floette|Moonblast|p2b: Kingambit\n|-damage|p2b: Kingambit|0 fnt\n|faint|p2b: Kingambit\n|move|p2a: Mimikyu|Trick Room|p2a: Mimikyu\n|-fieldstart|move: Trick Room|[of] p2a: Mimikyu\n|\n|upkeep\n|c|\u2606jorginocoke|Damn\n|\n|t:|1776112786\n|switch|p2b: Crabominable|Crabominable, L50, F|100/100\n|turn|2\n|\n|t:|1776112806\n|detailschange|p2b: Crabominable|Crabominable-Mega, L50, F\n|-mega|p2b: Crabominable|Crabominable|Crabominite\n|move|p1b: Maushold|Follow Me|p1b: Maushold\n|-singleturn|p1b: Maushold|move: Follow Me\n|move|p2b: Crabominable|Ice Hammer|p1b: Maushold\n|-enditem|p1b: Maushold|Focus Sash\n|-damage|p1b: Maushold|1/100\n|-unboost|p2b: Crabominable|spe|1\n|move|p2a: Mimikyu|Play Rough|p1b: Maushold\n|-damage|p1b: Maushold|0 fnt\n|faint|p1b: Maushold\n|move|p1a: Floette|Moonblast|p2b: Crabominable\n|-supereffective|p2b: Crabominable|1\n|-damage|p2b: Crabominable|0 fnt\n|faint|p2b: Crabominable\n|\n|upkeep\n|c|\u2606Guiding Quem|maushold is sick innit\n|\n|t:|1776112823\n|switch|p2b: Chandelure|Chandelure, L50, F|100/100\n|switch|p1b: Rotom|Rotom-Wash, L50|100/100\n|turn|3\n|\n|t:|1776112831\n|move|p2b: Chandelure|Shadow Ball|p1a: Floette\n|-damage|p1a: Floette|62/100\n|move|p2a: Mimikyu|Play Rough|p1a: Floette\n|-damage|p1a: Floette|19/100\n|-unboost|p1a: Floette|atk|1\n|move|p1b: Rotom|Hydro Pump|p2b: Chandelure\n|-supereffective|p2b: Chandelure|1\n|-damage|p2b: Chandelure|0 fnt\n|faint|p2b: Chandelure\n|move|p1a: Floette|Dazzling Gleam|p2a: Mimikyu\n|-activate|p2a: Mimikyu|ability: Disguise\n|-damage|p2a: Mimikyu|100/100\n|detailschange|p2a: Mimikyu|Mimikyu-Busted, L50, M\n|-damage|p2a: Mimikyu|89/100|[from] pokemon: Mimikyu-Busted\n|\n|upkeep\n|turn|4\n|-message|jorginocoke forfeited.\n|\n|win|Guiding Quem\n|raw|Guiding Quem's rating: 1385 &rarr; <strong>1402</strong><br />(+17 for winning)\n|raw|jorginocoke's rating: 1334 &rarr; <strong>1317</strong><br />(-17 for losing)\n|l|\u2606jorginocoke\n|player|p2|\n|l|\u2606Guiding Quem\n|player|p1|\n",
  "uploadtime": 1776112852,
  "views": 28,
  "formatid": "gen9championsvgc2026regma",
  "rating": 1317,
  "private": 0,
  "password": null
}