{
  "id": "gen9championsvgc2026regma-2586655216",
  "format": "[Gen 9 Champions] VGC 2026 Reg M-A",
  "players": [
    "bdatla",
    "Dag291"
  ],
  "log": "|j|\u2606bdatla\n|j|\u203dDag291\n|t:|1776449770\n|gametype|doubles\n|player|p1|bdatla|2|1143\n|player|p2|Dag291|1|1169\n|gen|9\n|tier|[Gen 9 Champions] VGC 2026 Reg M-A\n|rated|\n|rule|Species Clause: Limit one of each Pok\u00e9mon\n|rule|Item Clause: Limit 1 of each item\n|clearpoke\n|poke|p1|Meganium, L50, F|\n|poke|p1|Archaludon, L50, M|\n|poke|p1|Kangaskhan, L50, F|\n|poke|p1|Aerodactyl, L50, M|\n|poke|p1|Tauros-Paldea-Aqua, L50, M|\n|poke|p1|Typhlosion-Hisui, L50, F|\n|poke|p2|Ninetales-Alola, L50, F|\n|poke|p2|Incineroar, L50, F|\n|poke|p2|Gengar, L50, M|\n|poke|p2|Glimmora, L50, M|\n|poke|p2|Sinistcha-Masterpiece, L50|\n|poke|p2|Decidueye-Hisui, L50, M|\n|teampreview|4\n|inactive|Battle timer is ON: inactive players will automatically lose when time's up. (requested by Dag291)\n|inactive|bdatla has 60 seconds left.\n|inactive|Dag291 has 60 seconds left.\n|\n|t:|1776449815\n|teamsize|p1|4\n|teamsize|p2|4\n|start\n|switch|p1a: Kangaskhan|Kangaskhan, L50, F|100/100\n|switch|p1b: Aerodactyl|Aerodactyl, L50, M|100/100\n|switch|p2a: Incineroar|Incineroar, L50, F|100/100\n|switch|p2b: Gengar|Gengar, L50, M|100/100\n|-ability|p1b: Aerodactyl|Unnerve\n|-ability|p2a: Incineroar|Intimidate|boost\n|-fail|p1a: Kangaskhan|unboost|Attack|[from] ability: Inner Focus|[of] p1a: Kangaskhan\n|-unboost|p1b: Aerodactyl|atk|1\n|turn|1\n|\n|t:|1776449836\n|detailschange|p2b: Gengar|Gengar-Mega, L50, M\n|-mega|p2b: Gengar|Gengar|Gengarite\n|move|p1b: Aerodactyl|Protect|p1b: Aerodactyl\n|-singleturn|p1b: Aerodactyl|Protect\n|move|p1a: Kangaskhan|Fake Out|p2a: Incineroar\n|-damage|p2a: Incineroar|85/100\n|cant|p2a: Incineroar|flinch\n|move|p2b: Gengar|Perish Song|p2b: Gengar\n|-start|p1a: Kangaskhan|perish3|[silent]\n|-start|p1b: Aerodactyl|perish3|[silent]\n|-start|p2a: Incineroar|perish3|[silent]\n|-start|p2b: Gengar|perish3|[silent]\n|-fieldactivate|move: Perish Song\n|\n|-start|p2b: Gengar|perish3\n|-start|p1b: Aerodactyl|perish3\n|-start|p1a: Kangaskhan|perish3\n|-start|p2a: Incineroar|perish3\n|upkeep\n|turn|2\n|inactive|bdatla has 30 seconds left.\n|inactive|Dag291 has 30 seconds left.\n|inactive|bdatla has 20 seconds left.\n|\n|t:|1776449871\n|switch|p2a: Glimmora|Glimmora, L50, M|100/100\n|detailschange|p1a: Kangaskhan|Kangaskhan-Mega, L50, F\n|-mega|p1a: Kangaskhan|Kangaskhan|Kangaskhanite\n|move|p2b: Gengar|Protect|p2b: Gengar\n|-singleturn|p2b: Gengar|Protect\n|move|p1a: Kangaskhan|Sucker Punch||[still]\n|-fail|p1a: Kangaskhan\n|move|p1b: Aerodactyl|Tailwind|p1b: Aerodactyl\n|-sidestart|p1: bdatla|move: Tailwind\n|\n|-start|p1b: Aerodactyl|perish2\n|-start|p1a: Kangaskhan|perish2\n|-start|p2b: Gengar|perish2\n|upkeep\n|turn|3\n|inactive|Dag291 has 30 seconds left.\n|\n|t:|1776449900\n|switch|p2a: Incineroar|Incineroar, L50, F|85/100\n|-ability|p2a: Incineroar|Intimidate|boost\n|-unboost|p1a: Kangaskhan|atk|1\n|-unboost|p1b: Aerodactyl|atk|1\n|move|p2b: Gengar|Protect|p2b: Gengar\n|-singleturn|p2b: Gengar|Protect\n|move|p1a: Kangaskhan|Sucker Punch||[still]\n|-fail|p1a: Kangaskhan\n|move|p1b: Aerodactyl|Rock Slide|p2b: Gengar|[spread] p2a\n|-activate|p2b: Gengar|move: Protect\n|-supereffective|p2a: Incineroar|1\n|-damage|p2a: Incineroar|61/100\n|\n|-start|p1b: Aerodactyl|perish1\n|-start|p1a: Kangaskhan|perish1\n|-start|p2b: Gengar|perish1\n|upkeep\n|turn|4\n|inactive|bdatla has 30 seconds left.\n|\n|t:|1776449929\n|switch|p2b: Sinistcha|Sinistcha-Masterpiece, L50|100/100\n|-heal|p2a: Incineroar|86/100|[from] ability: Hospitality|[of] p2b: Sinistcha\n|switch|p2a: Glimmora|Glimmora, L50, M|100/100\n|move|p1b: Aerodactyl|Rock Slide|p2b: Sinistcha|[spread] p2a,p2b\n|-damage|p2a: Glimmora|84/100\n|-damage|p2b: Sinistcha|89/100\n|-activate|p2a: Glimmora|ability: Toxic Debris\n|-sidestart|p1: bdatla|move: Toxic Spikes\n|move|p1a: Kangaskhan|Drain Punch|p2a: Glimmora\n|-damage|p2a: Glimmora|65/100\n|-activate|p2a: Glimmora|ability: Toxic Debris\n|-sidestart|p1: bdatla|move: Toxic Spikes\n|-damage|p2a: Glimmora|60/100\n|-hitcount|p2a: Glimmora|2\n|\n|-heal|p2a: Glimmora|66/100|[from] item: Leftovers\n|-start|p1b: Aerodactyl|perish0\n|-start|p1a: Kangaskhan|perish0\n|faint|p1b: Aerodactyl\n|faint|p1a: Kangaskhan\n|upkeep\n|-message|bdatla forfeited.\n|\n|win|Dag291\n|raw|bdatla's rating: 1143 &rarr; <strong>1120</strong><br />(-23 for losing)\n|raw|Dag291's rating: 1169 &rarr; <strong>1192</strong><br />(+23 for winning)\n|l|\u2606bdatla\n|player|p1|\n",
  "uploadtime": 1776449955,
  "views": 28,
  "formatid": "gen9championsvgc2026regma",
  "rating": 1120,
  "private": 0,
  "password": null
}