{
  "id": "gen9championsvgc2026regma-2583292949",
  "format": "[Gen 9 Champions] VGC 2026 Reg M-A",
  "players": [
    "Lurantis_solar156",
    "WeedKitten"
  ],
  "log": "|j|\u203dLurantis_solar156\n|j|\u2606WeedKitten\n|t:|1776163938\n|gametype|doubles\n|player|p1|Lurantis_solar156|cynthia|1030\n|player|p2|WeedKitten|iris-gen5bw2|1077\n|gen|9\n|tier|[Gen 9 Champions] VGC 2026 Reg M-A\n|rated|\n|rule|Species Clause: Limit one of each Pok\u00e9mon\n|rule|Item Clause: Limit 1 of each item\n|clearpoke\n|poke|p1|Crabominable, L50, M|\n|poke|p1|Beartic, L50, M|\n|poke|p1|Farigiraf, L50, F|\n|poke|p1|Sneasler, L50, F|\n|poke|p1|Incineroar, L50, M|\n|poke|p1|Sinistcha, L50|\n|poke|p2|Delphox, L50, M|\n|poke|p2|Meowstic, L50, M|\n|poke|p2|Sinistcha, L50|\n|poke|p2|Meowscarada, L50, M|\n|poke|p2|Empoleon, L50, M|\n|poke|p2|Sneasler, L50, M|\n|teampreview|4\n|inactive|Battle timer is ON: inactive players will automatically lose when time's up. (requested by WeedKitten)\n|inactive|WeedKitten has 60 seconds left.\n|\n|t:|1776163969\n|teamsize|p1|4\n|teamsize|p2|4\n|start\n|switch|p1a: Beartic|Beartic, L50, M|100/100\n|switch|p1b: Farigiraf|Farigiraf, L50, F|100/100\n|switch|p2a: Eco-friendly nuke|Meowscarada, L50, M|100/100\n|switch|p2b: Psycat|Meowstic, L50, M|100/100\n|turn|1\n|\n|t:|1776163993\n|switch|p1a: Crabominable|Crabominable, L50, M|100/100\n|move|p2a: Eco-friendly nuke|Knock Off|p1b: Farigiraf\n|-supereffective|p1b: Farigiraf|1\n|-damage|p1b: Farigiraf|4/100\n|-enditem|p1b: Farigiraf|Focus Sash|[from] move: Knock Off|[of] p2a: Eco-friendly nuke\n|move|p2b: Psycat|Dark Pulse|p1b: Farigiraf\n|-supereffective|p1b: Farigiraf|1\n|-damage|p1b: Farigiraf|0 fnt\n|faint|p1b: Farigiraf\n|\n|upkeep\n|\n|t:|1776164003\n|switch|p1b: Beartic|Beartic, L50, M|100/100\n|turn|2\n|c|\u2606WeedKitten|no trick room >:)\n|\n|t:|1776164022\n|move|p2b: Psycat|Psychic Terrain|p2b: Psycat\n|-fieldstart|move: Psychic Terrain\n|move|p2a: Eco-friendly nuke|Low Kick|p1a: Crabominable\n|-supereffective|p1a: Crabominable|1\n|-damage|p1a: Crabominable|32/100\n|move|p1b: Beartic|Frost Breath|p1a: Crabominable\n|-resisted|p1a: Crabominable|1\n|-crit|p1a: Crabominable\n|-damage|p1a: Crabominable|23/100\n|-setboost|p1a: Crabominable|atk|6|[from] ability: Anger Point\n|move|p1a: Crabominable|Drain Punch|p2a: Eco-friendly nuke\n|-supereffective|p2a: Eco-friendly nuke|1\n|-enditem|p2a: Eco-friendly nuke|Focus Sash\n|-damage|p2a: Eco-friendly nuke|1/100\n|-heal|p1a: Crabominable|60/100|[from] drain|[of] p2a: Eco-friendly nuke\n|\n|upkeep\n|turn|3\n|\n|t:|1776164044\n|move|p2a: Eco-friendly nuke|Low Kick|p1a: Crabominable\n|-supereffective|p1a: Crabominable|1\n|-damage|p1a: Crabominable|0 fnt\n|faint|p1a: Crabominable\n|move|p2b: Psycat|Dark Pulse|p1b: Beartic\n|-damage|p1b: Beartic|82/100\n|cant|p1b: Beartic|flinch\n|\n|upkeep\n|-message|Lurantis_solar156 forfeited.\n|\n|win|WeedKitten\n|raw|Lurantis_solar156's rating: 1030 &rarr; <strong>1017</strong><br />(-13 for losing)\n|raw|WeedKitten's rating: 1077 &rarr; <strong>1102</strong><br />(+25 for winning)\n|l|\u203dLurantis_solar156\n|player|p1|\n|l|\u2606WeedKitten\n|player|p2|\n|j|\u2606WeedKitten\n|player|p2|WeedKitten|iris-gen5bw2|\n",
  "uploadtime": 1776165512,
  "views": 21,
  "formatid": "gen9championsvgc2026regma",
  "rating": 1017,
  "private": 0,
  "password": null
}