{
  "id": "gen9championsvgc2026regma-2587168868",
  "format": "[Gen 9 Champions] VGC 2026 Reg M-A",
  "players": [
    "dytldht",
    "Vyke10"
  ],
  "log": "|j|\u2606dytldht\n|j|\u2606Vyke10\n|t:|1776503519\n|gametype|doubles\n|player|p1|dytldht|170|1051\n|player|p2|Vyke10|steven|1134\n|gen|9\n|tier|[Gen 9 Champions] VGC 2026 Reg M-A\n|rated|\n|rule|Species Clause: Limit one of each Pok\u00e9mon\n|rule|Item Clause: Limit 1 of each item\n|clearpoke\n|poke|p1|Gengar, L50, M|\n|poke|p1|Sneasler, L50, M|\n|poke|p1|Kingambit, L50, F|\n|poke|p1|Incineroar, L50, M|\n|poke|p1|Blastoise, L50, F|\n|poke|p1|Sinistcha, L50|\n|poke|p2|Houndoom, L50, M|\n|poke|p2|Sneasler, L50, M|\n|poke|p2|Sinistcha, L50|\n|poke|p2|Garchomp, L50, M|\n|poke|p2|Ninetales, L50, M|\n|poke|p2|Corviknight, L50, F|\n|teampreview|4\n|\n|t:|1776503560\n|teamsize|p1|4\n|teamsize|p2|4\n|start\n|switch|p1a: Gengar|Gengar, L50, M|100/100\n|switch|p1b: Incineroar|Incineroar, L50, M|100/100\n|switch|p2a: Houndoom|Houndoom, L50, M|100/100\n|switch|p2b: Sneasler|Sneasler, L50, M|100/100\n|-ability|p1b: Incineroar|Intimidate|boost\n|-unboost|p2a: Houndoom|atk|1\n|-unboost|p2b: Sneasler|atk|1\n|-enditem|p2b: Sneasler|White Herb\n|-clearnegativeboost|p2b: Sneasler|[silent]\n|turn|1\n|\n|t:|1776503610\n|switch|p1b: Sneasler|Sneasler, L50, M|100/100\n|detailschange|p2a: Houndoom|Houndoom-Mega, L50, M\n|-mega|p2a: Houndoom|Houndoom|Houndoominite\n|move|p1a: Gengar|Protect|p1a: Gengar\n|-singleturn|p1a: Gengar|Protect\n|move|p2b: Sneasler|Fake Out|p1b: Sneasler\n|-damage|p1b: Sneasler|75/100\n|move|p2a: Houndoom|Dark Pulse|p1a: Gengar\n|-activate|p1a: Gengar|move: Protect\n|\n|upkeep\n|turn|2\n|inactive|Battle timer is ON: inactive players will automatically lose when time's up. (requested by Vyke10)\n|\n|t:|1776503635\n|detailschange|p1a: Gengar|Gengar-Mega, L50, M\n|-mega|p1a: Gengar|Gengar|Gengarite\n|move|p2a: Houndoom|Protect|p2a: Houndoom\n|-singleturn|p2a: Houndoom|Protect\n|move|p1b: Sneasler|Fake Out|p2a: Houndoom\n|-activate|p2a: Houndoom|move: Protect\n|move|p2b: Sneasler|Close Combat|p1b: Sneasler\n|-resisted|p1b: Sneasler|1\n|-damage|p1b: Sneasler|19/100\n|-unboost|p2b: Sneasler|def|1\n|-unboost|p2b: Sneasler|spd|1\n|move|p1a: Gengar|Perish Song|p1a: Gengar\n|-start|p1a: Gengar|perish3|[silent]\n|-start|p1b: Sneasler|perish3|[silent]\n|-start|p2a: Houndoom|perish3|[silent]\n|-start|p2b: Sneasler|perish3|[silent]\n|-fieldactivate|move: Perish Song\n|\n|-start|p2b: Sneasler|perish3\n|-start|p1a: Gengar|perish3\n|-start|p2a: Houndoom|perish3\n|-start|p1b: Sneasler|perish3\n|upkeep\n|turn|3\n|l|\u2606Vyke10\n|inactive|Vyke10 disconnected and has a minute to reconnect!\n|player|p2|\n|inactive|Vyke10 has 30 seconds left.\n|inactive|Vyke10 has 20 seconds left.\n|inactive|Vyke10 has 15 seconds left.\n|inactive|Vyke10 has 10 seconds left.\n|inactive|Vyke10 has 5 seconds left.\n|-message|Vyke10 lost due to inactivity.\n|\n|win|dytldht\n|raw|dytldht's rating: 1051 &rarr; <strong>1091</strong><br />(+40 for winning)\n|raw|Vyke10's rating: 1134 &rarr; <strong>1103</strong><br />(-31 for losing)\n|j|\u2606Vyke10\n|player|p2|Vyke10|steven|\n|l|\u2606Vyke10\n|player|p2|\n",
  "uploadtime": 1776503715,
  "views": 23,
  "formatid": "gen9championsvgc2026regma",
  "rating": 1091,
  "private": 0,
  "password": null
}