{
  "id": "gen9championsvgc2026regma-2585437319",
  "format": "[Gen 9 Champions] VGC 2026 Reg M-A",
  "players": [
    "eevee1ynn",
    "Rodrigor8054"
  ],
  "log": "|j|\u2606eevee1ynn\n|j|\u2606Rodrigor8054\n|t:|1776347246\n|gametype|doubles\n|player|p1|eevee1ynn|unknownf|1261\n|player|p2|Rodrigor8054|pokemaniac|1298\n|gen|9\n|tier|[Gen 9 Champions] VGC 2026 Reg M-A\n|rated|\n|rule|Species Clause: Limit one of each Pok\u00e9mon\n|rule|Item Clause: Limit 1 of each item\n|clearpoke\n|poke|p1|Delphox, L50, M|\n|poke|p1|Garchomp, L50, F|\n|poke|p1|Meowscarada, L50, M|\n|poke|p1|Aerodactyl, L50, M|\n|poke|p1|Gallade, L50, M|\n|poke|p1|Maushold, L50|\n|poke|p2|Lucario, L50, F|\n|poke|p2|Sinistcha, L50|\n|poke|p2|Sneasler, L50, M|\n|poke|p2|Basculegion, L50, M|\n|poke|p2|Rotom-Heat, L50|\n|poke|p2|Aerodactyl, L50, F|\n|teampreview|4\n|\n|t:|1776347312\n|teamsize|p1|4\n|teamsize|p2|4\n|start\n|switch|p1a: Gallade|Gallade, L50, M|100/100\n|switch|p1b: Aerodactyl|Aerodactyl, L50, M|100/100\n|switch|p2a: Basculegion|Basculegion, L50, M|100/100\n|switch|p2b: Sneasler|Sneasler, L50, M|100/100\n|-ability|p1b: Aerodactyl|Unnerve\n|turn|1\n|\n|t:|1776347361\n|switch|p1b: Meowscarada|Meowscarada, L50, M|100/100\n|detailschange|p1a: Gallade|Gallade-Mega, L50, M\n|-mega|p1a: Gallade|Gallade|Galladite\n|move|p2b: Sneasler|Fake Out|p1a: Gallade\n|-damage|p1a: Gallade|83/100\n|move|p2a: Basculegion|Wave Crash|p1b: Meowscarada\n|-resisted|p1b: Meowscarada|1\n|-damage|p1b: Meowscarada|39/100\n|-damage|p2a: Basculegion|85/100|[from] Recoil\n|move|p1a: Gallade|Psycho Cut|p2b: Sneasler\n|-supereffective|p2b: Sneasler|2\n|-damage|p2b: Sneasler|0 fnt\n|faint|p2b: Sneasler\n|\n|upkeep\n|\n|t:|1776347381\n|switch|p2b: Aerodactyl|Aerodactyl, L50, F|100/100\n|-ability|p2b: Aerodactyl|Unnerve\n|turn|2\n|\n|t:|1776347406\n|move|p1b: Meowscarada|Flower Trick|p2a: Basculegion\n|-start|p1b: Meowscarada|typechange|Grass|[from] ability: Protean\n|-supereffective|p2a: Basculegion|1\n|-crit|p2a: Basculegion\n|-damage|p2a: Basculegion|0 fnt\n|faint|p2a: Basculegion\n|move|p2b: Aerodactyl|Dual Wingbeat|p1b: Meowscarada\n|-supereffective|p1b: Meowscarada|1\n|-damage|p1b: Meowscarada|0 fnt\n|faint|p1b: Meowscarada\n|-hitcount|p1: Meowscarada|1\n|move|p1a: Gallade|Sacred Sword|p2b: Aerodactyl\n|-damage|p2b: Aerodactyl|9/100\n|\n|upkeep\n|-message|Rodrigor8054 forfeited.\n|\n|win|eevee1ynn\n|raw|eevee1ynn's rating: 1261 &rarr; <strong>1289</strong><br />(+28 for winning)\n|raw|Rodrigor8054's rating: 1298 &rarr; <strong>1270</strong><br />(-28 for losing)\n",
  "uploadtime": 1776347415,
  "views": 43,
  "formatid": "gen9championsvgc2026regma",
  "rating": 1270,
  "private": 0,
  "password": null
}