{
  "id": "gen9championsvgc2026regma-2588864192",
  "format": "[Gen 9 Champions] VGC 2026 Reg M-A",
  "players": [
    "Djinnkiwi",
    "Pastratta"
  ],
  "log": "|j|\u2606Djinnkiwi\n|j|\u2606Pastratta\n|t:|1776680018\n|gametype|doubles\n|player|p1|Djinnkiwi|veteran|1117\n|player|p2|Pastratta|170|1209\n|gen|9\n|tier|[Gen 9 Champions] VGC 2026 Reg M-A\n|rated|\n|rule|Species Clause: Limit one of each Pok\u00e9mon\n|rule|Item Clause: Limit 1 of each item\n|clearpoke\n|poke|p1|Pelipper, L50, F|\n|poke|p1|Sneasler, L50, M|\n|poke|p1|Dragonite, L50, F|\n|poke|p1|Archaludon, L50, F|\n|poke|p1|Basculegion, L50, M|\n|poke|p1|Incineroar, L50, M|\n|poke|p2|Arcanine, L50, F|\n|poke|p2|Rotom-Wash, L50|\n|poke|p2|Kingambit, L50, F|\n|poke|p2|Kommo-o, L50, F, shiny|\n|poke|p2|Whimsicott, L50, F|\n|poke|p2|Froslass, L50, F|\n|teampreview|4\n|inactive|Battle timer is ON: inactive players will automatically lose when time's up. (requested by Djinnkiwi)\nDjinnkiwi rejected open team sheets.\n|inactive|Pastratta has 60 seconds left.\n|inactive|Pastratta has 30 seconds left.\n|inactive|Pastratta has 20 seconds left.\n|inactive|Pastratta has 15 seconds left.\n|inactive|Pastratta has 10 seconds left.\n|inactive|Pastratta has 5 seconds left.\n|\n|t:|1776680112\n|teamsize|p1|4\n|teamsize|p2|4\n|start\n|switch|p1a: Pelipper|Pelipper, L50, F|100/100\n|switch|p1b: Basculegion|Basculegion, L50, M|100/100\n|switch|p2a: Arcanine|Arcanine, L50, F|100/100\n|switch|p2b: Rotom|Rotom-Wash, L50|100/100\n|-weather|RainDance|[from] ability: Drizzle|[of] p1a: Pelipper\n|-ability|p2a: Arcanine|Intimidate|boost\n|-unboost|p1a: Pelipper|atk|1\n|-unboost|p1b: Basculegion|atk|1\n|turn|1\n|inactive|Pastratta has 30 seconds left.\n|inactive|Pastratta has 20 seconds left.\n|inactive|Pastratta has 15 seconds left.\n|inactive|Pastratta has 10 seconds left.\n|inactive|Pastratta has 5 seconds left.\n|\n|t:|1776680167\n|move|p1b: Basculegion|Flip Turn|p2a: Arcanine\n|-supereffective|p2a: Arcanine|1\n|-damage|p2a: Arcanine|13/100\n|-enditem|p2a: Arcanine|Sitrus Berry|[eat]\n|-heal|p2a: Arcanine|38/100|[from] item: Sitrus Berry\n|\n|t:|1776680174\n|switch|p1b: Dragonite|Dragonite, L50, F|100/100|[from] Flip Turn\n|move|p1a: Pelipper|Tailwind|p1a: Pelipper\n|-sidestart|p1: Djinnkiwi|move: Tailwind\n|move|p2a: Arcanine|Flare Blitz|p1a: Pelipper\n|-resisted|p1a: Pelipper|1\n|-damage|p1a: Pelipper|82/100\n|-damage|p2a: Arcanine|34/100|[from] Recoil\n|move|p2b: Rotom|Hydro Pump|p1a: Pelipper\n|-resisted|p1a: Pelipper|1\n|-damage|p1a: Pelipper|14/100\n|\n|-weather|RainDance|[upkeep]\n|upkeep\n|turn|2\n|inactive|Pastratta has 30 seconds left.\n|inactive|Pastratta has 20 seconds left.\n|inactive|Pastratta has 15 seconds left.\n|inactive|Pastratta has 10 seconds left.\n|inactive|Pastratta has 5 seconds left.\n|\n|t:|1776680229\n|switch|p1a: Sneasler|Sneasler, L50, M|100/100\n|detailschange|p1b: Dragonite|Dragonite-Mega, L50, F\n|-mega|p1b: Dragonite|Dragonite|Dragoninite\n|move|p1b: Dragonite|Hurricane|p2a: Arcanine\n|-damage|p2a: Arcanine|0 fnt\n|faint|p2a: Arcanine\n|move|p2b: Rotom|Hydro Pump|p1b: Dragonite\n|-resisted|p1b: Dragonite|1\n|-damage|p1b: Dragonite|84/100\n|\n|-weather|RainDance|[upkeep]\n|upkeep\n|inactive|Pastratta has 30 seconds left.\n|inactive|Pastratta has 20 seconds left.\n|inactive|Pastratta has 15 seconds left.\n|inactive|Pastratta has 10 seconds left.\n|inactive|Pastratta has 5 seconds left.\n|\n|t:|1776680284\n|switch|p2a: Kingambit|Kingambit, L50, F|100/100\n|turn|3\n|inactive|Pastratta has 30 seconds left.\n|inactive|Pastratta has 20 seconds left.\n|inactive|Pastratta has 15 seconds left.\n|inactive|Pastratta has 10 seconds left.\n|inactive|Pastratta has 5 seconds left.\n|\n|t:|1776680339\n|move|p1a: Sneasler|Upper Hand||[still]\n|-fail|p1a: Sneasler\n|move|p1b: Dragonite|Hurricane|p2b: Rotom\n|-resisted|p2b: Rotom|1\n|-damage|p2b: Rotom|66/100\n|-start|p2b: Rotom|confusion\n|-activate|p2b: Rotom|confusion\n|move|p2b: Rotom|Hydro Pump|p1b: Dragonite\n|-resisted|p1b: Dragonite|1\n|-damage|p1b: Dragonite|49/100\n|move|p2a: Kingambit|Kowtow Cleave|p1a: Sneasler\n|-resisted|p1a: Sneasler|1\n|-damage|p1a: Sneasler|49/100\n|\n|-weather|RainDance|[upkeep]\n|-heal|p2b: Rotom|72/100|[from] item: Leftovers\n|upkeep\n|turn|4\n|inactive|Pastratta has 30 seconds left.\n|inactive|Pastratta has 20 seconds left.\n|inactive|Pastratta has 15 seconds left.\n|inactive|Pastratta has 10 seconds left.\n|inactive|Pastratta has 5 seconds left.\n|\n|t:|1776680394\n|move|p1a: Sneasler|Close Combat|p2a: Kingambit\n|-supereffective|p2a: Kingambit|2\n|-damage|p2a: Kingambit|0 fnt\n|-unboost|p1a: Sneasler|def|1\n|-unboost|p1a: Sneasler|spd|1\n|faint|p2a: Kingambit\n|-enditem|p1a: Sneasler|White Herb\n|-clearnegativeboost|p1a: Sneasler|[silent]\n|move|p1b: Dragonite|Hurricane|p2b: Rotom\n|-resisted|p2b: Rotom|1\n|-damage|p2b: Rotom|41/100\n|-end|p2b: Rotom|confusion\n|move|p2b: Rotom|Hydro Pump|p1b: Dragonite|[miss]\n|-miss|p2b: Rotom|p1b: Dragonite\n|\n|-weather|RainDance|[upkeep]\n|-heal|p2b: Rotom|46/100|[from] item: Leftovers\n|-sideend|p1: Djinnkiwi|move: Tailwind\n|upkeep\n|inactive|Pastratta has 30 seconds left.\n|inactive|Pastratta has 20 seconds left.\n|inactive|Pastratta has 15 seconds left.\n|inactive|Pastratta has 10 seconds left.\n|inactive|Pastratta has 5 seconds left.\n|\n|t:|1776680449\n|switch|p2a: Kommo-o|Kommo-o, L50, F, shiny|100/100\n|turn|5\n|inactive|Pastratta has 30 seconds left.\n|inactive|Pastratta has 20 seconds left.\n|inactive|Pastratta has 15 seconds left.\n|inactive|Pastratta has 10 seconds left.\n|inactive|Pastratta has 5 seconds left.\n|\n|t:|1776680505\n|move|p1a: Sneasler|Dire Claw|p2b: Rotom\n|-damage|p2b: Rotom|2/100\n|-status|p2b: Rotom|slp\n|move|p1b: Dragonite|Hurricane|p2a: Kommo-o\n|-supereffective|p2a: Kommo-o|1\n|-crit|p2a: Kommo-o\n|-damage|p2a: Kommo-o|0 fnt\n|faint|p2a: Kommo-o\n|cant|p2b: Rotom|slp\n|\n|-weather|none\n|-heal|p2b: Rotom|8/100 slp|[from] item: Leftovers\n|upkeep\n|turn|6\n|inactive|Pastratta has 30 seconds left.\n|inactive|Pastratta has 20 seconds left.\n|inactive|Pastratta has 15 seconds left.\n|inactive|Pastratta has 10 seconds left.\n|inactive|Pastratta has 5 seconds left.\n|-message|Pastratta lost due to inactivity.\n|\n|win|Djinnkiwi\n|raw|Djinnkiwi's rating: 1117 &rarr; <strong>1148</strong><br />(+31 for winning)\n|raw|Pastratta's rating: 1209 &rarr; <strong>1178</strong><br />(-31 for losing)\n",
  "uploadtime": 1776680549,
  "views": 9,
  "formatid": "gen9championsvgc2026regma",
  "rating": 1148,
  "private": 0,
  "password": null
}