{
  "id": "gen9championsvgc2026regma-2581820000",
  "format": "[Gen 9 Champions] VGC 2026 Reg M-A",
  "players": [
    "ShravKing22",
    "injuryreserv3"
  ],
  "log": "|j|\u2606ShravKing22\n|j|\u2606injuryreserv3\n|t:|1776031030\n|gametype|doubles\n|player|p1|ShravKing22|169|1159\n|player|p2|injuryreserv3|sabrina|1261\n|gen|9\n|tier|[Gen 9 Champions] VGC 2026 Reg M-A\n|rated|\n|rule|Species Clause: Limit one of each Pok\u00e9mon\n|rule|Item Clause: Limit 1 of each item\n|clearpoke\n|poke|p1|Clefable, L50, M|\n|poke|p1|Gyarados, L50, F|\n|poke|p1|Sneasler, L50, M|\n|poke|p1|Arcanine-Hisui, L50, F|\n|poke|p1|Sinistcha, L50|\n|poke|p1|Venusaur, L50, M|\n|poke|p2|Whimsicott, L50, F|\n|poke|p2|Charizard, L50, F|\n|poke|p2|Sneasler, L50, F|\n|poke|p2|Basculegion, L50, M|\n|poke|p2|Floette-Eternal, L50, F|\n|poke|p2|Incineroar, L50, M|\n|teampreview|4\n|inactive|Battle timer is ON: inactive players will automatically lose when time's up. (requested by ShravKing22)\nShravKing22 rejected open team sheets.\n|\n|t:|1776031074\n|teamsize|p1|4\n|teamsize|p2|4\n|start\n|switch|p1a: Clefable|Clefable, L50, M|100/100\n|switch|p1b: Sneasler|Sneasler, L50, M|100/100\n|switch|p2a: Charizard|Charizard, L50, F|100/100\n|switch|p2b: Basculegion|Basculegion, L50, M|100/100\n|turn|1\n|\n|t:|1776031095\n|move|p2a: Charizard|Protect|p2a: Charizard\n|-singleturn|p2a: Charizard|Protect\n|move|p1b: Sneasler|Fake Out|p2a: Charizard\n|-activate|p2a: Charizard|move: Protect\n|move|p2b: Basculegion|Wave Crash|p1b: Sneasler\n|-damage|p1b: Sneasler|0 fnt\n|faint|p1b: Sneasler\n|-damage|p2b: Basculegion|74/100|[from] Recoil\n|move|p1a: Clefable|Cosmic Power|p1a: Clefable\n|-boost|p1a: Clefable|def|1\n|-boost|p1a: Clefable|spd|1\n|\n|upkeep\n|\n|t:|1776031106\n|switch|p1b: Venusaur|Venusaur, L50, M|100/100\n|turn|2\n|inactive|injuryreserv3 has 30 seconds left.\n|\n|t:|1776031134\n|detailschange|p2a: Charizard|Charizard-Mega-Y, L50, F\n|-mega|p2a: Charizard|Charizard|Charizardite Y\n|-weather|SunnyDay|[from] ability: Drought|[of] p2a: Charizard\n|detailschange|p1b: Venusaur|Venusaur-Mega, L50, M\n|-mega|p1b: Venusaur|Venusaur|Venusaurite\n|move|p2b: Basculegion|Wave Crash|p1a: Clefable\n|-damage|p1a: Clefable|75/100\n|-damage|p2b: Basculegion|66/100|[from] Recoil\n|move|p2a: Charizard|Heat Wave|p1b: Venusaur|[spread] p1a,p1b\n|-supereffective|p1b: Venusaur|1\n|-damage|p1a: Clefable|33/100\n|-damage|p1b: Venusaur|49/100\n|move|p1b: Venusaur|Leech Seed|p2a: Charizard\n|-start|p2a: Charizard|move: Leech Seed\n|move|p1a: Clefable|Cosmic Power|p1a: Clefable\n|-boost|p1a: Clefable|def|1\n|-boost|p1a: Clefable|spd|1\n|\n|-weather|SunnyDay|[upkeep]\n|-heal|p1a: Clefable|39/100|[from] item: Leftovers\n|-damage|p2a: Charizard|88/100|[from] Leech Seed|[of] p1b: Venusaur\n|-heal|p1b: Venusaur|59/100|[silent]\n|upkeep\n|turn|3\n|inactive|ShravKing22 has 30 seconds left.\n|\n|t:|1776031162\n|switch|p1b: Sinistcha|Sinistcha, L50|100/100\n|-heal|p1a: Clefable|64/100|[from] ability: Hospitality|[of] p1b: Sinistcha\n|move|p2b: Basculegion|Wave Crash|p1b: Sinistcha\n|-resisted|p1b: Sinistcha|1\n|-damage|p1b: Sinistcha|78/100\n|-damage|p2b: Basculegion|59/100|[from] Recoil\n|move|p2a: Charizard|Heat Wave|p1a: Clefable|[spread] p1a,p1b\n|-crit|p1a: Clefable\n|-supereffective|p1b: Sinistcha|1\n|-damage|p1a: Clefable|0 fnt\n|-damage|p1b: Sinistcha|0 fnt\n|faint|p1a: Clefable\n|faint|p1b: Sinistcha\n|\n|-weather|SunnyDay|[upkeep]\n|upkeep\n|-message|ShravKing22 forfeited.\n|\n|win|injuryreserv3\n|raw|ShravKing22's rating: 1159 &rarr; <strong>1141</strong><br />(-18 for losing)\n|raw|injuryreserv3's rating: 1261 &rarr; <strong>1279</strong><br />(+18 for winning)\n|l|\u2606ShravKing22\n|player|p1|\n",
  "uploadtime": 1776031179,
  "views": 21,
  "formatid": "gen9championsvgc2026regma",
  "rating": 1141,
  "private": 0,
  "password": null
}