{
  "id": "gen9championsvgc2026regma-2584830671",
  "format": "[Gen 9 Champions] VGC 2026 Reg M-A",
  "players": [
    "TTT x",
    "ArKaneVGC"
  ],
  "log": "|j|\u2606TTT x\n|j|\u2606ArKaneVGC\n|t:|1776286972\n|gametype|doubles\n|player|p1|TTT x|#smogonxnpa2025draftee|\n|player|p2|ArKaneVGC|#smogonxnpa2025draftee|\n|gen|9\n|tier|[Gen 9 Champions] VGC 2026 Reg M-A\n|rated|Tournament battle\n|rule|Species Clause: Limit one of each Pok\u00e9mon\n|rule|Item Clause: Limit 1 of each item\n|raw|<div class=\"infobox\"><details class=\"readmore\" open><summary><strong>1 custom rule:</strong></summary> Force Open Team Sheets</details></div>\n|clearpoke\n|poke|p1|Manectric, L50, M|\n|poke|p1|Archaludon, L50, M|\n|poke|p1|Sinistcha, L50|\n|poke|p1|Politoed, L50, M|\n|poke|p1|Scizor, L50, F|\n|poke|p1|Incineroar, L50, M|\n|poke|p2|Sneasler, L50, F|\n|poke|p2|Kingambit, L50, F|\n|poke|p2|Sinistcha, L50|\n|poke|p2|Incineroar, L50, M|\n|poke|p2|Floette-Eternal, L50, F|\n|poke|p2|Aerodactyl, L50, M|\n|teampreview|4\n|showteam|p1|Manectric||Manectite|LightningRod|VoltSwitch,Snarl,LightScreen,Protect|||M|||50|]Archaludon||Leftovers|Stamina|ElectroShot,DragonPulse,FlashCannon,Protect|||M|||50|]Sinistcha||KasibBerry|Hospitality|MatchaGotcha,ShadowBall,RagePowder,Protect||||||50|]Politoed||SitrusBerry|Drizzle|WeatherBall,RainDance,Encore,Protect|||M|||50|]Scizor||Scizorite|Technician|BulletPunch,BugBite,SwordsDance,Protect|||F|||50|]Incineroar||ChopleBerry|Intimidate|FakeOut,FlareBlitz,WillOWisp,PartingShot|||M|||50|\n|showteam|p2|Sneasler||WhiteHerb|Unburden|DireClaw,CloseCombat,FakeOut,Protect|||F|||50|]Kingambit||BlackGlasses|Defiant|KowtowCleave,IronHead,SuckerPunch,Protect|||F|||50|]Sinistcha||SitrusBerry|Hospitality|MatchaGotcha,RagePowder,TrickRoom,LifeDew||||||50|]Incineroar||LumBerry|Intimidate|FlareBlitz,ThroatChop,FakeOut,PartingShot|||M|||50|]Floette-Eternal||Floettite|FlowerVeil|Moonblast,DazzlingGleam,CalmMind,Protect|||F|||50|]Aerodactyl||FocusSash|Unnerve|RockSlide,DualWingbeat,Tailwind,Protect|||M|||50|\n|inactive|Battle timer is ON: inactive players will automatically lose when time's up. (requested by ArKaneVGC)\n|c|\u2606TTT x|glhf nice avatar\n|j|+Lexicon\n|j|+crystalninetales\n|j|+holdingb\n|j|+TheLoanRanger\n|c|\u2606ArKaneVGC|u 2\n|j| OnToTheOther\n|inactive|TTT x has 60 seconds left.\n|j| Carrielis\n|l|\u2606ArKaneVGC\n|inactive|ArKaneVGC disconnected and has a minute to reconnect!\n|player|p2|\n|j|\u2606ArKaneVGC\n|inactive|ArKaneVGC reconnected.\n|player|p2|ArKaneVGC|#smogonxnpa2025draftee|\n|c| Carrielis|Why bug bite instead of like CC or Dual wingbeat\n|j|@Therazer456\n|j| pokemonpengu\n|inactive|TTT x has 30 seconds left.\n|\n|t:|1776287034\n|teamsize|p1|4\n|teamsize|p2|4\n|start\n|switch|p1a: Scizor|Scizor, L50, F|100/100\n|switch|p1b: Incineroar|Incineroar, L50, M|100/100\n|switch|p2a: Incineroar|Incineroar, L50, M|100/100\n|switch|p2b: Floette|Floette-Eternal, L50, F|100/100\n|-ability|p2a: Incineroar|Intimidate|boost\n|-unboost|p1a: Scizor|atk|1\n|-unboost|p1b: Incineroar|atk|1\n|-ability|p1b: Incineroar|Intimidate|boost\n|-unboost|p2a: Incineroar|atk|1\n|-unboost|p2b: Floette|atk|1\n|turn|1\n|l| pokemonpengu\n|c|\u2606ArKaneVGC|strong into neutral and takes berries\n|j| pokemonpengu\n|\n|t:|1776287056\n|switch|p1a: Archaludon|Archaludon, L50, M|100/100\n|detailschange|p2b: Floette|Floette-Mega, L50, F\n|-mega|p2b: Floette|Floette|Floettite\n|-ability|p2b: Floette|Fairy Aura\n|move|p2a: Incineroar|Fake Out|p1a: Archaludon\n|-resisted|p1a: Archaludon|1\n|-damage|p1a: Archaludon|98/100\n|-ability|p1a: Archaludon|Stamina|boost\n|-boost|p1a: Archaludon|def|1\n|move|p2b: Floette|Moonblast|p1a: Archaludon\n|-damage|p1a: Archaludon|24/100\n|-ability|p1a: Archaludon|Stamina|boost\n|-boost|p1a: Archaludon|def|1\n|move|p1b: Incineroar|Parting Shot|p2b: Floette\n|-unboost|p2b: Floette|atk|1\n|-unboost|p2b: Floette|spa|1\n|\n|t:|1776287073\n|switch|p1b: Scizor|Scizor, L50, F|100/100|[from] Parting Shot\n|\n|-heal|p1a: Archaludon|30/100|[from] item: Leftovers\n|upkeep\n|turn|2\n|inactive|TTT x has 30 seconds left.\n|inactive|TTT x has 20 seconds left.\n|inactive|TTT x has 15 seconds left.\n|inactive|TTT x has 10 seconds left.\n|inactive|TTT x has 5 seconds left.\n|inactiveoff|Battle timer is now OFF.\n|j| ray_on_1248_\n|l| Carrielis\n|\n|t:|1776287137\n|switch|p1a: Incineroar|Incineroar, L50, M|100/100\n|-ability|p1a: Incineroar|Intimidate|boost\n|-unboost|p2a: Incineroar|atk|1\n|-unboost|p2b: Floette|atk|1\n|detailschange|p1b: Scizor|Scizor-Mega, L50, F\n|-mega|p1b: Scizor|Scizor|Scizorite\n|move|p1b: Scizor|Protect|p1b: Scizor\n|-singleturn|p1b: Scizor|Protect\n|move|p2b: Floette|Dazzling Gleam|p1a: Incineroar|[spread] p1a\n|-activate|p1b: Scizor|move: Protect\n|-damage|p1a: Incineroar|78/100\n|move|p2a: Incineroar|Flare Blitz|p1b: Scizor\n|-activate|p1b: Scizor|move: Protect\n|\n|upkeep\n|turn|3\n|\n|t:|1776287149\n|switch|p2b: Kingambit|Kingambit, L50, F|100/100\n|move|p1a: Incineroar|Fake Out|p2a: Incineroar\n|-damage|p2a: Incineroar|92/100\n|move|p1b: Scizor|Swords Dance|p1b: Scizor\n|-boost|p1b: Scizor|atk|2\n|cant|p2a: Incineroar|flinch\n|\n|upkeep\n|turn|4\n|c|\u2606TTT x|Thank you for turning timer off\n|c|\u2606TTT x|I\u2019m playing at work xd\n|j| Carrielis\n|\n|t:|1776287174\n|switch|p2b: Floette|Floette-Mega, L50, F|100/100\n|-ability|p2b: Floette|Fairy Aura\n|move|p1b: Scizor|Bug Bite|p2a: Incineroar\n|-damage|p2a: Incineroar|0 fnt\n|-enditem|p2a: Incineroar|Lum Berry|[from] stealeat|[move] Bug Bite|[of] p1b: Scizor\n|faint|p2a: Incineroar\n|move|p1a: Incineroar|Will-O-Wisp|p2b: Floette\n|-status|p2b: Floette|brn\n|\n|-damage|p2b: Floette|94/100 brn|[from] brn\n|upkeep\n|\n|t:|1776287184\n|switch|p2a: Sinistcha|Sinistcha, L50|100/100\n|-heal|p2b: Floette|100/100 brn|[from] ability: Hospitality|[of] p2a: Sinistcha\n|turn|5\n|\n|t:|1776287190\n|move|p2a: Sinistcha|Rage Powder|p2a: Sinistcha\n|-singleturn|p2a: Sinistcha|move: Rage Powder\n|move|p1b: Scizor|Bullet Punch|p2a: Sinistcha\n|-damage|p2a: Sinistcha|42/100\n|-enditem|p2a: Sinistcha|Sitrus Berry|[eat]\n|-heal|p2a: Sinistcha|67/100|[from] item: Sitrus Berry\n|move|p2b: Floette|Calm Mind|p2b: Floette\n|-boost|p2b: Floette|spa|1\n|-boost|p2b: Floette|spd|1\n|move|p1a: Incineroar|Flare Blitz|p2a: Sinistcha\n|-supereffective|p2a: Sinistcha|1\n|-damage|p2a: Sinistcha|0 fnt\n|faint|p2a: Sinistcha\n|-damage|p1a: Incineroar|59/100|[from] Recoil\n|\n|-damage|p2b: Floette|94/100 brn|[from] brn\n|upkeep\n|\n|t:|1776287195\n|switch|p2a: Kingambit|Kingambit, L50, F|100/100\n|turn|6\n|-message|ArKaneVGC forfeited.\n|\n|win|TTT x\n|n|\u2606TTT x|tttx\n|n| Lexicon|lexicon\n|n| crystalninetales|crystalninetales\n|n| holdingb|holdingb\n|n| TheLoanRanger|theloanranger\n|n| OnToTheOther|ontotheother\n|n|\u2606ArKaneVGC|arkanevgc\n|n| Therazer456|therazer456\n|n| pokemonpengu|pokemonpengu\n|n| ray_on_1248_|rayon1248\n|n| Carrielis|carrielis\n|l| pokemonpengu\n|c|\u2606TTT x|Gg\n",
  "uploadtime": 1776287208,
  "views": 94,
  "formatid": "gen9championsvgc2026regma",
  "rating": null,
  "private": 0,
  "password": null
}