{
  "id": "gen9championsvgc2026regma-2582238019",
  "format": "[Gen 9 Champions] VGC 2026 Reg M-A",
  "players": [
    "reggie1000",
    "degimon shodown?"
  ],
  "log": "|j|\u2606reggie1000\n|j|\u2606degimon shodown?\n|t:|1776074797\n|gametype|doubles\n|player|p1|reggie1000|102|1055\n|player|p2|degimon shodown?|102|1000\n|gen|9\n|tier|[Gen 9 Champions] VGC 2026 Reg M-A\n|rated|\n|rule|Species Clause: Limit one of each Pok\u00e9mon\n|rule|Item Clause: Limit 1 of each item\n|clearpoke\n|poke|p1|Sinistcha, L50|\n|poke|p1|Milotic, L50, F|\n|poke|p1|Kingambit, L50, F|\n|poke|p1|Typhlosion-Hisui, L50, F|\n|poke|p1|Incineroar, L50, M|\n|poke|p1|Skarmory, L50, M|\n|poke|p2|Mimikyu, L50, F|\n|poke|p2|Hydreigon, L50, M|\n|poke|p2|Glimmora, L50, F|\n|poke|p2|Conkeldurr, L50, M|\n|poke|p2|Venusaur, L50, M|\n|poke|p2|Incineroar, L50, F|\n|teampreview|4\n|inactive|Battle timer is ON: inactive players will automatically lose when time's up. (requested by degimon shodown?)\n|inactive|degimon shodown? has 60 seconds left.\nreggie1000 has agreed to open team sheets.\n|\n|t:|1776074851\n|teamsize|p1|4\n|teamsize|p2|4\n|start\n|switch|p1a: Wish|Milotic, L50, F|100/100\n|switch|p1b: Your Girlfriend|Kingambit, L50, F|100/100\n|switch|p2a: Hydreigon|Hydreigon, L50, M|100/100\n|switch|p2b: Incineroar|Incineroar, L50, F|100/100\n|-ability|p2b: Incineroar|Intimidate|boost\n|-unboost|p1a: Wish|atk|1\n|-ability|p1a: Wish|Competitive|boost\n|-boost|p1a: Wish|spa|2\n|-unboost|p1b: Your Girlfriend|atk|1\n|-ability|p1b: Your Girlfriend|Defiant|boost\n|-boost|p1b: Your Girlfriend|atk|2\n|turn|1\n|\n|t:|1776074872\n|move|p1a: Wish|Protect|p1a: Wish\n|-singleturn|p1a: Wish|Protect\n|move|p1b: Your Girlfriend|Protect|p1b: Your Girlfriend\n|-singleturn|p1b: Your Girlfriend|Protect\n|move|p2b: Incineroar|Fake Out|p1b: Your Girlfriend\n|-activate|p1b: Your Girlfriend|move: Protect\n|move|p2a: Hydreigon|Earth Power|p1b: Your Girlfriend\n|-activate|p1b: Your Girlfriend|move: Protect\n|\n|upkeep\n|turn|2\n|inactive|degimon shodown? has 30 seconds left.\n|\n|t:|1776074897\n|switch|p2a: Glimmora|Glimmora, L50, F|100/100\n|move|p1a: Wish|Scald|p2b: Incineroar\n|-supereffective|p2b: Incineroar|1\n|-damage|p2b: Incineroar|7/100\n|move|p2b: Incineroar|Parting Shot|p1a: Wish\n|-unboost|p1a: Wish|atk|1\n|-ability|p1a: Wish|Competitive|boost\n|-boost|p1a: Wish|spa|2\n|-unboost|p1a: Wish|spa|1\n|-ability|p1a: Wish|Competitive|boost\n|-boost|p1a: Wish|spa|2\n|-message|degimon shodown? forfeited.\n|\n|win|reggie1000\n|raw|reggie1000's rating: 1055 &rarr; <strong>1082</strong><br />(+27 for winning)\n|raw|degimon shodown?'s rating: 1000 &rarr; <strong>1000</strong><br />(+0 for losing)\n|l|\u2606degimon shodown?\n|player|p2|\n",
  "uploadtime": 1776074911,
  "views": 12,
  "formatid": "gen9championsvgc2026regma",
  "rating": 1000,
  "private": 0,
  "password": null
}