{
  "id": "gen9championsvgc2026regma-2581285292",
  "format": "[Gen 9 Champions] VGC 2026 Reg M-A",
  "players": [
    "McQ7",
    "spidereyelamb"
  ],
  "log": "|j|\u2606McQ7\n|j|\u2606spidereyelamb\n|t:|1775981340\n|gametype|doubles\n|player|p1|McQ7|2|1143\n|player|p2|spidereyelamb|unknown|1072\n|gen|9\n|tier|[Gen 9 Champions] VGC 2026 Reg M-A\n|rated|\n|rule|Species Clause: Limit one of each Pok\u00e9mon\n|rule|Item Clause: Limit 1 of each item\n|clearpoke\n|poke|p1|Garchomp, L50, M|\n|poke|p1|Sneasler, L50, F|\n|poke|p1|Kingambit, L50, F|\n|poke|p1|Rotom-Wash, L50|\n|poke|p1|Talonflame, L50, F|\n|poke|p1|Froslass, L50, F|\n|poke|p2|Meowscarada, L50, F|\n|poke|p2|Toucannon, L50, F|\n|poke|p2|Aegislash, L50, M|\n|poke|p2|Arcanine-Hisui, L50, M|\n|poke|p2|Mamoswine, L50, F|\n|poke|p2|Froslass, L50, F|\n|teampreview|4\n|inactive|Battle timer is ON: inactive players will automatically lose when time's up. (requested by spidereyelamb)\n|inactive|McQ7 has 60 seconds left.\n|inactive|McQ7 has 30 seconds left.\n|\n|t:|1775981425\n|teamsize|p1|4\n|teamsize|p2|4\n|start\n|switch|p1a: Talonflame|Talonflame, L50, F|100/100\n|switch|p1b: Garchomp|Garchomp, L50, M|100/100\n|switch|p2a: Meowscarada|Meowscarada, L50, F|100/100\n|switch|p2b: Toucannon|Toucannon, L50, F|100/100\n|turn|1\n|inactive|McQ7 has 30 seconds left.\n|\n|t:|1775981454\n|move|p2a: Meowscarada|Ally Switch|p2a: Meowscarada\n|swap|p2a: Meowscarada|1|[from] move: Ally Switch\n|move|p1a: Talonflame|Tailwind|p1a: Talonflame\n|-sidestart|p1: McQ7|move: Tailwind\n|move|p1b: Garchomp|Rock Slide|p2a: Toucannon|[spread] p2a,p2b\n|-supereffective|p2a: Toucannon|1\n|-enditem|p2a: Toucannon|Charti Berry|[eat]\n|-enditem|p2a: Toucannon|Charti Berry|[weaken]\n|-damage|p2a: Toucannon|79/100\n|-damage|p2b: Meowscarada|68/100\n|move|p2a: Toucannon|Rock Blast|p1a: Talonflame\n|-supereffective|p1a: Talonflame|2\n|-damage|p1a: Talonflame|46/100\n|-supereffective|p1a: Talonflame|2\n|-damage|p1a: Talonflame|0 fnt\n|faint|p1a: Talonflame\n|-hitcount|p1: Talonflame|2\n|\n|upkeep\n|\n|t:|1775981467\n|switch|p1a: Froslass|Froslass, L50, F|100/100\n|turn|2\n|inactive|McQ7 has 30 seconds left.\n|\n|t:|1775981500\n|switch|p1b: Sneasler|Sneasler, L50, F|100/100\n|switch|p2b: Froslass|Froslass, L50, F|100/100\n|switch|p2a: Mamoswine|Mamoswine, L50, F|100/100\n|detailschange|p1a: Froslass|Froslass-Mega, L50, F\n|-mega|p1a: Froslass|Froslass|Froslassite\n|-weather|Snowscape|[from] ability: Snow Warning|[of] p1a: Froslass\n|move|p1a: Froslass|Blizzard|p2b: Froslass|[spread] p2a,p2b\n|-resisted|p2b: Froslass|1\n|-damage|p2a: Mamoswine|34/100\n|-damage|p2b: Froslass|62/100\n|-start|p1a: Froslass|Disable|Blizzard|[from] ability: Cursed Body|[of] p2b: Froslass\n|\n|-weather|Snowscape|[upkeep]\n|upkeep\n|turn|3\n|inactive|McQ7 has 30 seconds left.\n|inactive|spidereyelamb has 30 seconds left.\n|inactive|McQ7 has 20 seconds left.\n|inactive|McQ7 has 15 seconds left.\n|inactive|McQ7 has 10 seconds left.\n|\n|t:|1775981546\n|detailschange|p2b: Froslass|Froslass-Mega, L50, F\n|-mega|p2b: Froslass|Froslass|Froslassite\n|move|p2a: Mamoswine|Ice Shard|p1b: Sneasler\n|-damage|p1b: Sneasler|58/100\n|move|p1b: Sneasler|Close Combat|p2a: Mamoswine\n|-supereffective|p2a: Mamoswine|1\n|-damage|p2a: Mamoswine|0 fnt\n|-unboost|p1b: Sneasler|def|1\n|-unboost|p1b: Sneasler|spd|1\n|faint|p2a: Mamoswine\n|-enditem|p1b: Sneasler|White Herb\n|-clearnegativeboost|p1b: Sneasler|[silent]\n|move|p1a: Froslass|Shadow Ball|p2b: Froslass\n|-supereffective|p2b: Froslass|1\n|-damage|p2b: Froslass|0 fnt\n|faint|p2b: Froslass\n|\n|-weather|Snowscape|[upkeep]\n|upkeep\n|\n|t:|1775981561\n|switch|p2b: Meowscarada|Meowscarada, L50, F|68/100\n|switch|p2a: Toucannon|Toucannon, L50, F|79/100\n|turn|4\n|-message|spidereyelamb forfeited.\n|\n|win|McQ7\n|raw|McQ7's rating: 1143 &rarr; <strong>1163</strong><br />(+20 for winning)\n|raw|spidereyelamb's rating: 1072 &rarr; <strong>1055</strong><br />(-17 for losing)\n",
  "uploadtime": 1775981566,
  "views": 10,
  "formatid": "gen9championsvgc2026regma",
  "rating": 1055,
  "private": 0,
  "password": null
}