{
  "id": "gen9championsvgc2026regma-2588141095",
  "format": "[Gen 9 Champions] VGC 2026 Reg M-A",
  "players": [
    "LordSpectreX",
    "Juya"
  ],
  "log": "|j|\u203dLordSpectreX\n|j|\u2606Juya\n|t:|1776608485\n|gametype|doubles\n|player|p1|LordSpectreX|266|1346\n|player|p2|Juya|170|1365\n|gen|9\n|tier|[Gen 9 Champions] VGC 2026 Reg M-A\n|rated|\n|rule|Species Clause: Limit one of each Pok\u00e9mon\n|rule|Item Clause: Limit 1 of each item\n|clearpoke\n|poke|p1|Zoroark-Hisui, L50, M|\n|poke|p1|Gardevoir, L50, M|\n|poke|p1|Talonflame, L50, M|\n|poke|p1|Sneasler, L50, M|\n|poke|p1|Tinkaton, L50, F|\n|poke|p1|Gyarados, L50, F|\n|poke|p2|Tyranitar, L50, M|\n|poke|p2|Excadrill, L50, F|\n|poke|p2|Incineroar, L50, M|\n|poke|p2|Corviknight, L50, F|\n|poke|p2|Sinistcha, L50|\n|poke|p2|Milotic, L50, M|\n|teampreview|4\n|inactive|Battle timer is ON: inactive players will automatically lose when time's up. (requested by Juya)\n|\n|t:|1776608510\n|teamsize|p1|4\n|teamsize|p2|4\n|start\n|switch|p1a: Talonflame|Talonflame, L50, M|100/100\n|switch|p1b: Gardevoir|Gardevoir, L50, M|100/100\n|switch|p2a: Tyranitar|Tyranitar, L50, M|100/100\n|switch|p2b: Corviknight|Corviknight, L50, F|100/100\n|-weather|Sandstorm|[from] ability: Sand Stream|[of] p2a: Tyranitar\n|turn|1\n|inactive|LordSpectreX has 30 seconds left.\n|\n|t:|1776608543\n|switch|p1b: Sneasler|Sneasler, L50, M|100/100\n|detailschange|p2a: Tyranitar|Tyranitar-Mega, L50, M\n|-mega|p2a: Tyranitar|Tyranitar|Tyranitarite\n|move|p1a: Talonflame|Shadow Ball|p2b: Corviknight\n|-damage|p2b: Corviknight|56/100\n|move|p2a: Tyranitar|Rock Slide|p1a: Talonflame|[spread] p1a,p1b\n|-resisted|p1b: Sneasler|1\n|-damage|p1a: Talonflame|19/100\n|-damage|p1b: Sneasler|70/100\n|replace|p1a: Zoroark|Zoroark-Hisui, L50, M\n|-end|p1a: Zoroark|Illusion\n|move|p2b: Corviknight|Brave Bird|p1b: Sneasler\n|-supereffective|p1b: Sneasler|1\n|-damage|p1b: Sneasler|0 fnt\n|faint|p1b: Sneasler\n|-damage|p2b: Corviknight|37/100|[from] Recoil\n|-enditem|p2b: Corviknight|Sitrus Berry|[eat]\n|-heal|p2b: Corviknight|62/100|[from] item: Sitrus Berry\n|\n|-weather|Sandstorm|[upkeep]\n|-damage|p1a: Zoroark|13/100|[from] Sandstorm\n|upkeep\n|\n|t:|1776608557\n|switch|p1b: Talonflame|Talonflame, L50, M|100/100\n|turn|2\n|\n|t:|1776608569\n|switch|p2b: Incineroar|Incineroar, L50, M|100/100\n|-ability|p2b: Incineroar|Intimidate|boost\n|-unboost|p1a: Zoroark|atk|1\n|-unboost|p1b: Talonflame|atk|1\n|move|p1b: Talonflame|Tailwind|p1b: Talonflame\n|-sidestart|p1: LordSpectreX|move: Tailwind\n|move|p1a: Zoroark|Shadow Ball|p2b: Incineroar\n|-resisted|p2b: Incineroar|1\n|-damage|p2b: Incineroar|83/100\n|move|p2a: Tyranitar|Rock Slide|p1a: Zoroark|[spread] p1a,p1b\n|-supereffective|p1b: Talonflame|2\n|-damage|p1a: Zoroark|0 fnt\n|-enditem|p1b: Talonflame|Focus Sash\n|-damage|p1b: Talonflame|1/100\n|faint|p1a: Zoroark\n|\n|-weather|Sandstorm|[upkeep]\n|-damage|p1b: Talonflame|0 fnt|[from] Sandstorm\n|-damage|p2b: Incineroar|77/100|[from] Sandstorm\n|faint|p1b: Talonflame\n|upkeep\n|\n|t:|1776608573\n|switch|p1b: Gardevoir|Gardevoir, L50, M|100/100\n|turn|3\n|\n|t:|1776608592\n|detailschange|p1b: Gardevoir|Gardevoir-Mega, L50, M\n|-mega|p1b: Gardevoir|Gardevoir|Gardevoirite\n|move|p2b: Incineroar|Fake Out|p1b: Gardevoir\n|-damage|p1b: Gardevoir|80/100\n|cant|p1b: Gardevoir|flinch\n|move|p2a: Tyranitar|Knock Off|p1b: Gardevoir\n|-damage|p1b: Gardevoir|2/100\n|\n|-weather|Sandstorm|[upkeep]\n|-damage|p1b: Gardevoir|0 fnt|[from] Sandstorm\n|-damage|p2b: Incineroar|71/100|[from] Sandstorm\n|faint|p1b: Gardevoir\n|\n|win|Juya\n|raw|LordSpectreX's rating: 1346 &rarr; <strong>1327</strong><br />(-19 for losing)\n|raw|Juya's rating: 1365 &rarr; <strong>1384</strong><br />(+19 for winning)\n|l|\u203dLordSpectreX\n|player|p1|\n",
  "uploadtime": 1776608605,
  "views": 15,
  "formatid": "gen9championsvgc2026regma",
  "rating": 1327,
  "private": 0,
  "password": null
}