{
  "id": "gen9championsvgc2026regma-2586816977",
  "format": "[Gen 9 Champions] VGC 2026 Reg M-A",
  "players": [
    "Anicredible",
    "medicalbonsai"
  ],
  "log": "|j|\u2606Anicredible\n|j|\u2606medicalbonsai\n|t:|1776462319\n|gametype|doubles\n|player|p1|Anicredible|schoolkid-gen4|1000\n|player|p2|medicalbonsai|1|1085\n|gen|9\n|tier|[Gen 9 Champions] VGC 2026 Reg M-A\n|rated|\n|rule|Species Clause: Limit one of each Pok\u00e9mon\n|rule|Item Clause: Limit 1 of each item\n|clearpoke\n|poke|p1|Kangaskhan, L50, F|\n|poke|p1|Sinistcha, L50|\n|poke|p1|Sneasler, L50, F|\n|poke|p1|Talonflame, L50, M|\n|poke|p1|Corviknight, L50, F|\n|poke|p1|Primarina, L50, F|\n|poke|p2|Medicham, L50, M|\n|poke|p2|Feraligatr, L50, F|\n|poke|p2|Whimsicott, L50, F|\n|poke|p2|Hatterene, L50, F|\n|poke|p2|Typhlosion-Hisui, L50, M|\n|poke|p2|Krookodile, L50, M|\n|teampreview|4\n|inactive|Battle timer is ON: inactive players will automatically lose when time's up. (requested by Anicredible)\nAnicredible rejected open team sheets.\n|c|\u2606Anicredible|glhf\n|inactive|Anicredible has 60 seconds left.\n|c|\u2606medicalbonsai|u2\n|\n|t:|1776462362\n|teamsize|p1|4\n|teamsize|p2|4\n|start\n|switch|p1a: Kangaskhan|Kangaskhan, L50, F|100/100\n|switch|p1b: Sneasler|Sneasler, L50, F|100/100\n|switch|p2a: Feraligatr|Feraligatr, L50, F|100/100\n|switch|p2b: Medicham|Medicham, L50, M|100/100\n|turn|1\n|inactive|Anicredible has 30 seconds left.\n|inactive|Anicredible has 20 seconds left.\n|inactive|Anicredible has 15 seconds left.\n|inactive|Anicredible has 10 seconds left.\n|\n|t:|1776462411\n|switch|p2a: Krookodile|Krookodile, L50, M|100/100\n|-ability|p2a: Krookodile|Intimidate|boost\n|-fail|p1a: Kangaskhan|unboost|Attack|[from] ability: Inner Focus|[of] p1a: Kangaskhan\n|-unboost|p1b: Sneasler|atk|1\n|-enditem|p1b: Sneasler|White Herb\n|-clearnegativeboost|p1b: Sneasler|[silent]\n|move|p1a: Kangaskhan|Fake Out|p2b: Medicham\n|-damage|p2b: Medicham|72/100\n|move|p1b: Sneasler|Coaching|p1a: Kangaskhan\n|-boost|p1a: Kangaskhan|atk|1\n|-boost|p1a: Kangaskhan|def|1\n|cant|p2b: Medicham|flinch\n|\n|upkeep\n|turn|2\n|inactive|medicalbonsai has 30 seconds left.\n|inactive|Anicredible has 30 seconds left.\n|inactive|Anicredible has 20 seconds left.\n|inactive|Anicredible has 15 seconds left.\n|inactive|Anicredible has 10 seconds left.\n|\n|t:|1776462464\n|detailschange|p1a: Kangaskhan|Kangaskhan-Mega, L50, F\n|-mega|p1a: Kangaskhan|Kangaskhan|Kangaskhanite\n|move|p1b: Sneasler|Protect|p1b: Sneasler\n|-singleturn|p1b: Sneasler|Protect\n|move|p1a: Kangaskhan|Double-Edge|p2a: Krookodile\n|-damage|p2a: Krookodile|18/100\n|-damage|p2a: Krookodile|0 fnt\n|faint|p2a: Krookodile\n|-hitcount|p2: Krookodile|2\n|-damage|p1a: Kangaskhan|69/100|[from] Recoil\n|move|p2b: Medicham|Trick Room|p2b: Medicham\n|-fieldstart|move: Trick Room|[of] p2b: Medicham\n|\n|upkeep\n|\n|t:|1776462476\n|switch|p2a: Hatterene|Hatterene, L50, F|100/100\n|turn|3\n|\n|t:|1776462491\n|switch|p1b: Sinistcha|Sinistcha, L50|100/100\n|-heal|p1a: Kangaskhan|94/100|[from] ability: Hospitality|[of] p1b: Sinistcha\n|move|p1a: Kangaskhan|Protect|p1a: Kangaskhan\n|-singleturn|p1a: Kangaskhan|Protect\n|move|p2a: Hatterene|Psychic|p1b: Sinistcha\n|-damage|p1b: Sinistcha|52/100\n|move|p2b: Medicham|Close Combat|p1a: Kangaskhan\n|-activate|p1a: Kangaskhan|move: Protect\n|\n|upkeep\n|turn|4\n|inactive|Anicredible has 30 seconds left.\n|inactive|medicalbonsai has 30 seconds left.\n|inactive|Anicredible has 20 seconds left.\n|\n|t:|1776462527\n|move|p1b: Sinistcha|Rage Powder|p1b: Sinistcha\n|-singleturn|p1b: Sinistcha|move: Rage Powder\n|move|p2a: Hatterene|Dazzling Gleam|p1b: Sinistcha|[spread] p1a,p1b\n|-damage|p1a: Kangaskhan|65/100\n|-damage|p1b: Sinistcha|22/100\n|move|p2b: Medicham|Close Combat|p1b: Sinistcha\n|-immune|p1b: Sinistcha\n|move|p1a: Kangaskhan|Double-Edge|p2a: Hatterene\n|-damage|p2a: Hatterene|5/100\n|-enditem|p2a: Hatterene|Sitrus Berry|[eat]\n|-heal|p2a: Hatterene|30/100|[from] item: Sitrus Berry\n|-damage|p2a: Hatterene|7/100\n|-hitcount|p2a: Hatterene|2\n|-damage|p1a: Kangaskhan|34/100|[from] Recoil\n|\n|upkeep\n|turn|5\n|inactive|Anicredible has 30 seconds left.\n|inactive|medicalbonsai has 30 seconds left.\n|\n|t:|1776462562\n|move|p1b: Sinistcha|Rage Powder|p1b: Sinistcha\n|-singleturn|p1b: Sinistcha|move: Rage Powder\n|move|p1a: Kangaskhan|Sucker Punch|p2a: Hatterene\n|-damage|p2a: Hatterene|0 fnt\n|faint|p2a: Hatterene\n|-hitcount|p2: Hatterene|1\n|move|p2b: Medicham|Close Combat|p1b: Sinistcha\n|-immune|p1b: Sinistcha\n|\n|upkeep\n|l|\u2606medicalbonsai\n|inactive|medicalbonsai disconnected and has a minute to reconnect!\n|player|p2|\n|inactive|medicalbonsai has 30 seconds left.\n|inactive|medicalbonsai has 20 seconds left.\n|inactive|medicalbonsai has 15 seconds left.\n|inactive|medicalbonsai has 10 seconds left.\n|inactive|medicalbonsai has 5 seconds left.\n|inactiveoff|Battle timer is now OFF.\n|inactive|Battle timer is ON: inactive players will automatically lose when time's up. (requested by Anicredible)\n|inactive|medicalbonsai has 15 seconds to reconnect!\n|inactive|medicalbonsai has 10 seconds to reconnect!\n|inactive|medicalbonsai has 5 seconds to reconnect!\n|-message|medicalbonsai lost due to inactivity.\n|\n|win|Anicredible\n|raw|Anicredible's rating: 1000 &rarr; <strong>1050</strong><br />(+50 for winning)\n|raw|medicalbonsai's rating: 1085 &rarr; <strong>1057</strong><br />(-28 for losing)\n|c|\u2606Anicredible|ggwp\n",
  "uploadtime": 1776462739,
  "views": 21,
  "formatid": "gen9championsvgc2026regma",
  "rating": 1050,
  "private": 0,
  "password": null
}