{
  "id": "gen9championsvgc2026regma-2586878980",
  "format": "[Gen 9 Champions] VGC 2026 Reg M-A",
  "players": [
    "MaxwellhehexD",
    "PhpRyV"
  ],
  "log": "|j|\u2606MaxwellhehexD\n|j|\u2606PhpRyV\n|t:|1776467871\n|gametype|doubles\n|player|p1|MaxwellhehexD|gambler|1226\n|player|p2|PhpRyV|pokemonbreeder-gen4|1152\n|gen|9\n|tier|[Gen 9 Champions] VGC 2026 Reg M-A\n|rated|\n|rule|Species Clause: Limit one of each Pok\u00e9mon\n|rule|Item Clause: Limit 1 of each item\n|clearpoke\n|poke|p1|Golurk, L50|\n|poke|p1|Farigiraf, L50, M|\n|poke|p1|Incineroar, L50, F|\n|poke|p1|Torkoal, L50, M|\n|poke|p1|Sneasler, L50, F|\n|poke|p1|Venusaur, L50, F|\n|poke|p2|Dragapult, L50, M|\n|poke|p2|Typhlosion-Hisui, L50, F|\n|poke|p2|Torkoal, L50, M|\n|poke|p2|Mimikyu, L50, M|\n|poke|p2|Sneasler, L50, F|\n|poke|p2|Whimsicott, L50, M|\n|teampreview|4\n|inactive|Battle timer is ON: inactive players will automatically lose when time's up. (requested by MaxwellhehexD)\n|inactive|PhpRyV has 60 seconds left.\n|\n|t:|1776467902\n|teamsize|p1|4\n|teamsize|p2|4\n|start\n|switch|p1a: Incineroar|Incineroar, L50, F|100/100\n|switch|p1b: Farigiraf|Farigiraf, L50, M|100/100\n|switch|p2a: Typhlosion|Typhlosion-Hisui, L50, F|100/100\n|switch|p2b: Dragapult|Dragapult, L50, M|100/100\n|-item|p1a: Incineroar|Shuca Berry|[from] ability: Frisk|[of] p2a: Typhlosion\n|-item|p1b: Farigiraf|Sitrus Berry|[from] ability: Frisk|[of] p2a: Typhlosion\n|-ability|p1a: Incineroar|Intimidate|boost\n|-unboost|p2a: Typhlosion|atk|1\n|-fail|p2b: Dragapult|unboost|[from] ability: Clear Body|[of] p2b: Dragapult\n|turn|1\n|\n|t:|1776467927\n|move|p2b: Dragapult|U-turn|p1b: Farigiraf\n|-supereffective|p1b: Farigiraf|1\n|-damage|p1b: Farigiraf|60/100\n|\n|t:|1776467930\n|switch|p2b: Torkoal|Torkoal, L50, M|100/100|[from] U-turn\n|-weather|SunnyDay|[from] ability: Drought|[of] p2b: Torkoal\n|move|p2a: Typhlosion|Eruption|p1b: Farigiraf|[spread] p1a,p1b\n|-resisted|p1a: Incineroar|1\n|-damage|p1a: Incineroar|62/100\n|-damage|p1b: Farigiraf|0 fnt\n|faint|p1b: Farigiraf\n|move|p1a: Incineroar|Parting Shot|p2a: Typhlosion\n|-unboost|p2a: Typhlosion|atk|1\n|-unboost|p2a: Typhlosion|spa|1\n|\n|t:|1776467940\n|switch|p1a: Golurk|Golurk, L50|100/100|[from] Parting Shot\n|\n|-weather|SunnyDay|[upkeep]\n|upkeep\n|-message|MaxwellhehexD forfeited.\n|\n|win|PhpRyV\n|raw|MaxwellhehexD's rating: 1226 &rarr; <strong>1196</strong><br />(-30 for losing)\n|raw|PhpRyV's rating: 1152 &rarr; <strong>1182</strong><br />(+30 for winning)\n|l|\u2606MaxwellhehexD\n|player|p1|\n",
  "uploadtime": 1776467949,
  "views": 29,
  "formatid": "gen9championsvgc2026regma",
  "rating": 1182,
  "private": 0,
  "password": null
}