{
  "id": "gen9championsvgc2026regma-2588875313",
  "format": "[Gen 9 Champions] VGC 2026 Reg M-A",
  "players": [
    "parking lot demon",
    "Mallhew"
  ],
  "log": "|j|\u2606parking lot demon\n|j|\u2606Mallhew\n|t:|1776681265\n|gametype|doubles\n|player|p1|parking lot demon|lady-gen4|1084\n|player|p2|Mallhew|169|1126\n|gen|9\n|tier|[Gen 9 Champions] VGC 2026 Reg M-A\n|rated|\n|rule|Species Clause: Limit one of each Pok\u00e9mon\n|rule|Item Clause: Limit 1 of each item\n|clearpoke\n|poke|p1|Glalie, L50, M, shiny|\n|poke|p1|Sinistcha, L50|\n|poke|p1|Basculegion, L50, M|\n|poke|p1|Incineroar, L50, M|\n|poke|p1|Whimsicott, L50, F|\n|poke|p1|Pelipper, L50, M|\n|poke|p2|Morpeko, L50, M|\n|poke|p2|Gengar, L50, M|\n|poke|p2|Garchomp, L50, F|\n|poke|p2|Whimsicott, L50, F|\n|poke|p2|Incineroar, L50, M|\n|poke|p2|Delphox, L50, M, shiny|\n|teampreview|4\n|inactive|Battle timer is ON: inactive players will automatically lose when time's up. (requested by parking lot demon)\n|inactive|Mallhew has 60 seconds left.\n|\n|t:|1776681312\n|teamsize|p1|4\n|teamsize|p2|4\n|start\n|switch|p1a: Volleyball|Glalie, L50, M, shiny|100/100\n|switch|p1b: Whimsicott|Whimsicott, L50, F|100/100\n|switch|p2a: Morpeko|Morpeko, L50, M|100/100\n|switch|p2b: Gengar|Gengar, L50, M|100/100\n|turn|1\n|\n|t:|1776681325\n|detailschange|p2b: Gengar|Gengar-Mega, L50, M\n|-mega|p2b: Gengar|Gengar|Gengarite\n|detailschange|p1a: Volleyball|Glalie-Mega, L50, M, shiny\n|-mega|p1a: Volleyball|Glalie|Glalitite\n|move|p1b: Whimsicott|Tailwind|p1b: Whimsicott\n|-sidestart|p1: parking lot demon|move: Tailwind\n|move|p1a: Volleyball|Explosion|p2a: Morpeko|[spread] p1b,p2a,p2b\n|-supereffective|p1b: Whimsicott|1\n|-enditem|p1b: Whimsicott|Focus Sash\n|-damage|p1b: Whimsicott|1/100\n|-enditem|p2a: Morpeko|Focus Sash\n|-damage|p2a: Morpeko|1/100\n|-damage|p2b: Gengar|0 fnt\n|faint|p1a: Volleyball\n|faint|p2b: Gengar\n|move|p2a: Morpeko|Aura Wheel|p1b: Whimsicott\n|-resisted|p1b: Whimsicott|1\n|-damage|p1b: Whimsicott|0 fnt\n|-boost|p2a: Morpeko|spe|1\n|faint|p1b: Whimsicott\n|\n|-formechange|p2a: Morpeko|Morpeko-Hangry|\n|upkeep\n|\n|t:|1776681344\n|switch|p1b: Basculegion|Basculegion, L50, M|100/100\n|switch|p2b: Whimsicott|Whimsicott, L50, F|100/100\n|switch|p1a: Pelipper|Pelipper, L50, M|100/100\n|-weather|RainDance|[from] ability: Drizzle|[of] p1a: Pelipper\n|turn|2\n|\n|t:|1776681366\n|move|p1b: Basculegion|Aqua Jet|p2a: Morpeko\n|-damage|p2a: Morpeko|0 fnt\n|faint|p2a: Morpeko\n|move|p2b: Whimsicott|Tailwind|p2b: Whimsicott\n|-sidestart|p2: Mallhew|move: Tailwind\n|move|p1a: Pelipper|Hurricane|p2b: Whimsicott\n|-supereffective|p2b: Whimsicott|1\n|-damage|p2b: Whimsicott|0 fnt\n|faint|p2b: Whimsicott\n|\n|-weather|RainDance|[upkeep]\n|upkeep\n|\n|t:|1776681380\n|switch|p2b: Garchomp|Garchomp, L50, F|100/100\n|turn|3\n|\n|t:|1776681386\n|move|p1b: Basculegion|Last Respects|p2b: Garchomp\n|-damage|p2b: Garchomp|9/100\n|move|p2b: Garchomp|Rock Slide|p1b: Basculegion|[spread] p1a,p1b\n|-supereffective|p1a: Pelipper|1\n|-damage|p1a: Pelipper|38/100\n|-damage|p1b: Basculegion|72/100\n|move|p1a: Pelipper|Hurricane|p2b: Garchomp\n|-damage|p2b: Garchomp|0 fnt\n|faint|p2b: Garchomp\n|\n|win|parking lot demon\n|raw|parking lot demon's rating: 1084 &rarr; <strong>1115</strong><br />(+31 for winning)\n|raw|Mallhew's rating: 1126 &rarr; <strong>1098</strong><br />(-28 for losing)\n|l|\u2606Mallhew\n|player|p2|\n",
  "uploadtime": 1776681397,
  "views": 10,
  "formatid": "gen9championsvgc2026regma",
  "rating": 1098,
  "private": 0,
  "password": null
}