{
  "id": "gen9championsvgc2026regma-2586058002",
  "format": "[Gen 9 Champions] VGC 2026 Reg M-A",
  "players": [
    "hoover5722",
    "disciple of blahaj"
  ],
  "log": "|j|\u2606hoover5722\n|j|\u2606disciple of blahaj\n|t:|1776394564\n|gametype|doubles\n|player|p1|hoover5722|170|1188\n|player|p2|disciple of blahaj|jacinthe|1258\n|gen|9\n|tier|[Gen 9 Champions] VGC 2026 Reg M-A\n|rated|\n|rule|Species Clause: Limit one of each Pok\u00e9mon\n|rule|Item Clause: Limit 1 of each item\n|clearpoke\n|poke|p1|Talonflame, L50, F|\n|poke|p1|Archaludon, L50, M|\n|poke|p1|Sinistcha, L50|\n|poke|p1|Glimmora, L50, M|\n|poke|p1|Lycanroc-Dusk, L50, M|\n|poke|p1|Rotom-Wash, L50|\n|poke|p2|Golurk, L50|\n|poke|p2|Oranguru, L50, M|\n|poke|p2|Hatterene, L50, F|\n|poke|p2|Meowstic, L50, M|\n|poke|p2|Torkoal, L50, M|\n|poke|p2|Aggron, L50, F|\n|teampreview|4\n|inactive|Battle timer is ON: inactive players will automatically lose when time's up. (requested by disciple of blahaj)\n|\n|t:|1776394613\n|teamsize|p1|4\n|teamsize|p2|4\n|start\n|switch|p1a: Archaludon|Archaludon, L50, M|100/100\n|switch|p1b: Glimmora|Glimmora, L50, M|100/100\n|switch|p2a: Hatterene|Hatterene, L50, F|100/100\n|switch|p2b: Meowstic|Meowstic, L50, M|100/100\n|turn|1\n|\n|t:|1776394626\n|move|p2b: Meowstic|Fake Out|p1b: Glimmora\n|-resisted|p1b: Glimmora|1\n|-damage|p1b: Glimmora|98/100\n|-activate|p1b: Glimmora|ability: Toxic Debris\n|-sidestart|p2: disciple of blahaj|move: Toxic Spikes\n|cant|p1b: Glimmora|flinch\n|move|p1a: Archaludon|Draco Meteor|p2b: Meowstic\n|-damage|p2b: Meowstic|47/100\n|-unboost|p1a: Archaludon|spa|2\n|-enditem|p2b: Meowstic|Sitrus Berry|[eat]\n|-heal|p2b: Meowstic|72/100|[from] item: Sitrus Berry\n|move|p2a: Hatterene|Trick Room|p2a: Hatterene\n|-fieldstart|move: Trick Room|[of] p2a: Hatterene\n|\n|upkeep\n|turn|2\n|inactive|hoover5722 has 30 seconds left.\n|\n|t:|1776394656\n|switch|p1a: Lycanroc|Lycanroc-Dusk, L50, M, shiny|100/100\n|switch|p1b: Rotom|Rotom-Wash, L50|100/100\n|move|p2b: Meowstic|Psychic Terrain|p2b: Meowstic\n|-fieldstart|move: Psychic Terrain\n|move|p2a: Hatterene|Expanding Force|p1a: Lycanroc|[spread] p1a,p1b\n|-damage|p1a: Lycanroc|0 fnt\n|-damage|p1b: Rotom|31/100\n|faint|p1a: Lycanroc\n|\n|upkeep\n|\n|t:|1776394661\n|switch|p1a: Archaludon|Archaludon, L50, M|100/100\n|turn|3\n|\n|t:|1776394674\n|switch|p2b: Oranguru|Oranguru, L50, M|100/100\n|-status|p2b: Oranguru|psn\n|move|p2a: Hatterene|Dazzling Gleam|p1b: Rotom|[spread] p1a,p1b\n|-damage|p1a: Archaludon|63/100\n|-damage|p1b: Rotom|0 fnt\n|-ability|p1a: Archaludon|Stamina|boost\n|-boost|p1a: Archaludon|def|1\n|faint|p1b: Rotom\n|move|p1a: Archaludon|Electro Shot||[still]\n|-prepare|p1a: Archaludon|Electro Shot\n|-boost|p1a: Archaludon|spa|1\n|\n|-heal|p1a: Archaludon|70/100|[from] item: Leftovers\n|-damage|p2b: Oranguru|88/100 psn|[from] psn\n|upkeep\n|c|\u2606hoover5722|gay\n|-message|hoover5722 forfeited.\n|\n|win|disciple of blahaj\n|raw|hoover5722's rating: 1188 &rarr; <strong>1168</strong><br />(-20 for losing)\n|raw|disciple of blahaj's rating: 1258 &rarr; <strong>1278</strong><br />(+20 for winning)\n|l|\u2606hoover5722\n|player|p1|\n",
  "uploadtime": 1776394693,
  "views": 14,
  "formatid": "gen9championsvgc2026regma",
  "rating": 1168,
  "private": 0,
  "password": null
}