{
  "id": "gen9championsbssregma-2582110590",
  "format": "[Gen 9 Champions] BSS Reg M-A",
  "players": [
    "AndreHero007",
    "weakertt"
  ],
  "log": "|j|\u2606AndreHero007\n|j|\u2606weakertt\n|t:|1776059230\n|gametype|singles\n|player|p1|AndreHero007|2|1104\n|player|p2|weakertt|170|1155\n|gen|9\n|tier|[Gen 9 Champions] BSS Reg M-A\n|rated|\n|rule|Species Clause: Limit one of each Pok\u00e9mon\n|rule|Item Clause: Limit 1 of each item\n|clearpoke\n|poke|p1|Kommo-o, L50, M|\n|poke|p1|Delphox, L50, M|\n|poke|p1|Primarina, L50, M|\n|poke|p1|Tyranitar, L50, F|\n|poke|p1|Aegislash, L50, F|\n|poke|p1|Jolteon, L50, F|\n|poke|p2|Garchomp, L50, M|\n|poke|p2|Azumarill, L50, F|\n|poke|p2|Venusaur, L50, F|\n|poke|p2|Skeledirge, L50, F|\n|poke|p2|Kingambit, L50, M|\n|poke|p2|Hatterene, L50, F|\n|teampreview|3\n|inactive|Battle timer is ON: inactive players will automatically lose when time's up. (requested by AndreHero007)\n|inactive|weakertt has 60 seconds left.\n|\n|t:|1776059307\n|teamsize|p1|3\n|teamsize|p2|3\n|start\n|switch|p1a: Delphox|Delphox, L50, M|100/100\n|switch|p2a: Azumarill|Azumarill, L50, F|100/100\n|turn|1\n|inactive|AndreHero007 has 30 seconds left.\n|\n|t:|1776059336\n|switch|p1a: Primarina|Primarina, L50, M, shiny|100/100\n|move|p2a: Azumarill|Belly Drum|p2a: Azumarill\n|-damage|p2a: Azumarill|50/100\n|-setboost|p2a: Azumarill|atk|6|[from] move: Belly Drum\n|-enditem|p2a: Azumarill|Sitrus Berry|[eat]\n|-heal|p2a: Azumarill|75/100|[from] item: Sitrus Berry\n|\n|upkeep\n|turn|2\n|\n|t:|1776059346\n|move|p1a: Primarina|Psych Up|p2a: Azumarill\n|-copyboost|p1a: Primarina|p2a: Azumarill|[from] move: Psych Up\n|move|p2a: Azumarill|Play Rough|p1a: Primarina\n|-damage|p1a: Primarina|0 fnt\n|faint|p1a: Primarina\n|\n|upkeep\n|\n|t:|1776059352\n|switch|p1a: Tyranitar|Tyranitar, L50, F|100/100\n|-weather|Sandstorm|[from] ability: Sand Stream|[of] p1a: Tyranitar\n|turn|3\n|j| p74\n|\n|t:|1776059365\n|move|p2a: Azumarill|Aqua Jet|p1a: Tyranitar\n|-supereffective|p1a: Tyranitar|1\n|-damage|p1a: Tyranitar|0 fnt\n|faint|p1a: Tyranitar\n|\n|-weather|Sandstorm|[upkeep]\n|-damage|p2a: Azumarill|69/100|[from] Sandstorm\n|upkeep\n|-message|AndreHero007 forfeited.\n|\n|win|weakertt\n|raw|AndreHero007's rating: 1104 &rarr; <strong>1083</strong><br />(-21 for losing)\n|raw|weakertt's rating: 1155 &rarr; <strong>1176</strong><br />(+21 for winning)\n|l|\u2606AndreHero007\n|player|p1|\n|l|\u2606weakertt\n|player|p2|\n",
  "uploadtime": 1776059391,
  "views": 3,
  "formatid": "gen9championsbssregma",
  "rating": 1083,
  "private": 0,
  "password": null
}