{
  "id": "gen9championsbssregma-2583308703",
  "format": "[Gen 9 Champions] BSS Reg M-A",
  "players": [
    "Dexyan",
    "Monica Blanche"
  ],
  "log": "|j|\u2606Dexyan\n|j|\u2606Monica Blanche\n|t:|1776165506\n|gametype|singles\n|player|p1|Dexyan|iris-gen5bw2|1168\n|player|p2|Monica Blanche|lady|1159\n|gen|9\n|tier|[Gen 9 Champions] BSS Reg M-A\n|rated|\n|rule|Species Clause: Limit one of each Pok\u00e9mon\n|rule|Item Clause: Limit 1 of each item\n|clearpoke\n|poke|p1|Dragonite, L50, F|\n|poke|p1|Gengar, L50, F|\n|poke|p1|Kingambit, L50, M|\n|poke|p1|Archaludon, L50, F|\n|poke|p1|Meowscarada, L50, F|\n|poke|p1|Floette-Eternal, L50, F|\n|poke|p2|Skarmory, L50, F|\n|poke|p2|Flareon, L50, F|\n|poke|p2|Mamoswine, L50, M|\n|poke|p2|Heliolisk, L50, F|\n|poke|p2|Palafin, L50, M|\n|poke|p2|Slowking-Galar, L50, M|\n|teampreview|3\n|inactive|Battle timer is ON: inactive players will automatically lose when time's up. (requested by Dexyan)\n|\n|t:|1776165534\n|teamsize|p1|3\n|teamsize|p2|3\n|start\n|switch|p1a: Dragonite|Dragonite, L50, F|100/100\n|switch|p2a: Mamoswine|Mamoswine, L50, M|100/100\n|turn|1\n|\n|t:|1776165549\n|move|p2a: Mamoswine|Icicle Spear|p1a: Dragonite\n|-supereffective|p1a: Dragonite|2\n|-damage|p1a: Dragonite|72/100\n|-supereffective|p1a: Dragonite|2\n|-damage|p1a: Dragonite|16/100\n|-supereffective|p1a: Dragonite|2\n|-damage|p1a: Dragonite|0 fnt\n|faint|p1a: Dragonite\n|-hitcount|p1: Dragonite|3\n|\n|upkeep\n|inactive|Dexyan has 30 seconds left.\n|\n|t:|1776165578\n|switch|p1a: Meowscarada|Meowscarada, L50, F|100/100\n|turn|2\n|\n|t:|1776165593\n|move|p1a: Meowscarada|Flower Trick|p2a: Mamoswine\n|-start|p1a: Meowscarada|typechange|Grass|[from] ability: Protean\n|-supereffective|p2a: Mamoswine|1\n|-crit|p2a: Mamoswine\n|-damage|p2a: Mamoswine|3/100\n|move|p2a: Mamoswine|Heavy Slam|p1a: Meowscarada\n|-damage|p1a: Meowscarada|35/100\n|\n|upkeep\n|turn|3\n|\n|t:|1776165603\n|move|p2a: Mamoswine|Ice Shard|p1a: Meowscarada\n|-supereffective|p1a: Meowscarada|1\n|-damage|p1a: Meowscarada|0 fnt\n|faint|p1a: Meowscarada\n|\n|upkeep\n|\n|t:|1776165608\n|switch|p1a: Gengar|Gengar, L50, F|100/100\n|turn|4\n|c|\u2606Dexyan|Wow\n|c|\u2606Dexyan|Gg\n|c|\u2606Dexyan|Wp\n|\n|t:|1776165626\n|detailschange|p1a: Gengar|Gengar-Mega, L50, F\n|-mega|p1a: Gengar|Gengar|Gengarite\n|move|p2a: Mamoswine|Ice Shard|p1a: Gengar\n|-damage|p1a: Gengar|60/100\n|move|p1a: Gengar|Psychic|p2a: Mamoswine\n|-damage|p2a: Mamoswine|0 fnt\n|faint|p2a: Mamoswine\n|\n|upkeep\n|j| p74\n|\n|t:|1776165630\n|switch|p2a: Heliolisk|Heliolisk, L50, F|100/100\n|turn|5\n|\n|t:|1776165645\n|move|p2a: Heliolisk|Dark Pulse|p1a: Gengar\n|-supereffective|p1a: Gengar|1\n|-damage|p1a: Gengar|0 fnt\n|faint|p1a: Gengar\n|\n|win|Monica Blanche\n|raw|Dexyan's rating: 1168 &rarr; <strong>1142</strong><br />(-26 for losing)\n|raw|Monica Blanche's rating: 1159 &rarr; <strong>1185</strong><br />(+26 for winning)\n|c|\u2606Monica Blanche|gg\n|c|\u2606Dexyan|Gg\n|l|\u2606Monica Blanche\n|player|p2|\n|c|\u2606Dexyan|Nice mamo\n|l|\u2606Dexyan\n|player|p1|\n",
  "uploadtime": 1776165667,
  "views": 2,
  "formatid": "gen9championsbssregma",
  "rating": 1142,
  "private": 0,
  "password": null
}