{
  "id": "gen9championsbssregma-2587605453",
  "format": "[Gen 9 Champions] BSS Reg M-A",
  "players": [
    "driflount drifloon",
    "Bsgssv"
  ],
  "log": "|j|\u2606driflount drifloon\n|j|\u2606Bsgssv\n|t:|1776546303\n|gametype|singles\n|player|p1|driflount drifloon|brock|1055\n|player|p2|Bsgssv|1|1156\n|gen|9\n|tier|[Gen 9 Champions] BSS Reg M-A\n|rated|\n|rule|Species Clause: Limit one of each Pok\u00e9mon\n|rule|Item Clause: Limit 1 of each item\n|clearpoke\n|poke|p1|Espathra, L50, M|\n|poke|p1|Lopunny, L50, F|\n|poke|p1|Slowbro, L50, F|\n|poke|p1|Clefable, L50, F|\n|poke|p1|Corviknight, L50, M|\n|poke|p1|Incineroar, L50, F|\n|poke|p2|Sableye, L50, F, shiny|\n|poke|p2|Skarmory, L50, F|\n|poke|p2|Rotom-Wash, L50, shiny|\n|poke|p2|Slowbro-Galar, L50, F|\n|poke|p2|Ditto, L50|\n|poke|p2|Ceruledge, L50, M|\n|teampreview|3\n|inactive|Battle timer is ON: inactive players will automatically lose when time's up. (requested by Bsgssv)\n|inactive|driflount drifloon has 60 seconds left.\n|inactive|driflount drifloon has 30 seconds left.\n|inactive|driflount drifloon has 20 seconds left.\n|\n|t:|1776546376\n|teamsize|p1|3\n|teamsize|p2|3\n|start\n|switch|p1a: Clefable|Clefable, L50, F|100/100\n|switch|p2a: Ceruledge|Ceruledge, L50, M|100/100\n|turn|1\n|\n|t:|1776546398\n|detailschange|p1a: Clefable|Clefable-Mega, L50, F\n|-mega|p1a: Clefable|Clefable|Clefablite\n|move|p2a: Ceruledge|Swords Dance|p2a: Ceruledge\n|-boost|p2a: Ceruledge|atk|2\n|move|p1a: Clefable|Calm Mind|p1a: Clefable\n|-boost|p1a: Clefable|spa|1\n|-boost|p1a: Clefable|spd|1\n|\n|upkeep\n|turn|2\n|inactive|driflount drifloon has 30 seconds left.\n|\n|t:|1776546429\n|switch|p1a: Incineroar|Incineroar, L50, F|100/100\n|-ability|p1a: Incineroar|Intimidate|boost\n|-unboost|p2a: Ceruledge|atk|1\n|move|p2a: Ceruledge|Bitter Blade|p1a: Incineroar\n|-resisted|p1a: Incineroar|1\n|-damage|p1a: Incineroar|64/100\n|\n|upkeep\n|turn|3\n|inactive|driflount drifloon has 30 seconds left.\n|\n|t:|1776546463\n|move|p2a: Ceruledge|Swords Dance|p2a: Ceruledge\n|-boost|p2a: Ceruledge|atk|2\n|move|p1a: Incineroar|Bulk Up|p1a: Incineroar\n|-boost|p1a: Incineroar|atk|1\n|-boost|p1a: Incineroar|def|1\n|\n|upkeep\n|turn|4\n|\n|t:|1776546486\n|move|p2a: Ceruledge|Close Combat|p1a: Incineroar\n|-supereffective|p1a: Incineroar|1\n|-damage|p1a: Incineroar|0 fnt\n|-unboost|p2a: Ceruledge|def|1\n|-unboost|p2a: Ceruledge|spd|1\n|faint|p1a: Incineroar\n|\n|upkeep\n|\n|t:|1776546493\n|switch|p1a: Clefable|Clefable-Mega, L50, F|100/100\n|turn|5\n|\n|t:|1776546496\n|move|p2a: Ceruledge|Bitter Blade|p1a: Clefable\n|-damage|p1a: Clefable|17/100\n|move|p1a: Clefable|Encore|p2a: Ceruledge\n|-start|p2a: Ceruledge|Encore\n|\n|upkeep\n|turn|6\n|-message|driflount drifloon forfeited.\n|\n|win|Bsgssv\n|raw|driflount drifloon's rating: 1055 &rarr; <strong>1042</strong><br />(-13 for losing)\n|raw|Bsgssv's rating: 1156 &rarr; <strong>1174</strong><br />(+18 for winning)\n|l|\u2606Bsgssv\n|player|p2|\n",
  "uploadtime": 1776546508,
  "views": 1,
  "formatid": "gen9championsbssregma",
  "rating": 1042,
  "private": 0,
  "password": null
}