{
  "id": "gen9championsbssregma-2583252284",
  "format": "[Gen 9 Champions] BSS Reg M-A",
  "players": [
    "fletchyfletchy",
    "meatrub"
  ],
  "log": "|j|\u2606fletchyfletchy\n|j|\u2606meatrub\n|t:|1776159718\n|gametype|singles\n|player|p1|fletchyfletchy|liko|1040\n|player|p2|meatrub|swimmer-gen4dp|1040\n|gen|9\n|tier|[Gen 9 Champions] BSS Reg M-A\n|rated|\n|rule|Species Clause: Limit one of each Pok\u00e9mon\n|rule|Item Clause: Limit 1 of each item\n|clearpoke\n|poke|p1|Lucario, L50, F|\n|poke|p1|Basculegion, L50, M|\n|poke|p1|Meowscarada, L50, F|\n|poke|p1|Aegislash, L50, F|\n|poke|p1|Charizard, L50, F|\n|poke|p1|Sylveon, L50, F|\n|poke|p2|Charizard, L50, M|\n|poke|p2|Glimmora, L50, F|\n|poke|p2|Weavile, L50, F|\n|poke|p2|Garchomp, L50, F|\n|poke|p2|Serperior, L50, F|\n|poke|p2|Lucario, L50, F|\n|teampreview|3\n|inactive|Battle timer is ON: inactive players will automatically lose when time's up. (requested by meatrub)\n|inactive|fletchyfletchy has 60 seconds left.\n|\n|t:|1776159768\n|teamsize|p1|3\n|teamsize|p2|3\n|start\n|switch|p1a: Lucario|Lucario, L50, F|100/100\n|switch|p2a: Serperior|Serperior, L50, F|100/100\n|turn|1\n|\n|t:|1776159787\n|detailschange|p1a: Lucario|Lucario-Mega, L50, F\n|-mega|p1a: Lucario|Lucario|Lucarionite\n|move|p2a: Serperior|Reflect|p2a: Serperior\n|-sidestart|p2: meatrub|Reflect\n|move|p1a: Lucario|Aura Sphere|p2a: Serperior\n|-crit|p2a: Serperior\n|-damage|p2a: Serperior|16/100\n|\n|-heal|p2a: Serperior|22/100|[from] item: Leftovers\n|upkeep\n|turn|2\n|\n|t:|1776159805\n|move|p2a: Serperior|Light Screen|p2a: Serperior\n|-sidestart|p2: meatrub|move: Light Screen\n|move|p1a: Lucario|Nasty Plot|p1a: Lucario\n|-boost|p1a: Lucario|spa|2\n|\n|-heal|p2a: Serperior|28/100|[from] item: Leftovers\n|upkeep\n|turn|3\n|c|\u2606fletchyfletchy|special lucario is better trust\n|\n|t:|1776159812\n|move|p2a: Serperior|Leech Seed|p1a: Lucario\n|-start|p1a: Lucario|move: Leech Seed\n|move|p1a: Lucario|Flash Cannon|p2a: Serperior\n|-damage|p2a: Serperior|0 fnt\n|faint|p2a: Serperior\n|\n|upkeep\n|\n|t:|1776159820\n|switch|p2a: Garchomp|Garchomp, L50, F|100/100\n|turn|4\n|\n|t:|1776159837\n|move|p2a: Garchomp|Earthquake|p1a: Lucario\n|-supereffective|p1a: Lucario|1\n|-damage|p1a: Lucario|0 fnt\n|faint|p1a: Lucario\n|\n|upkeep\n|\n|t:|1776159852\n|switch|p1a: Aegislash|Aegislash, L50, F|100/100\n|turn|5\n|c|\u2606meatrub|Honestly im nof feeling mega lucario is good\n|c|\u2606fletchyfletchy|rip\n|c|\u2606fletchyfletchy|its fun tho\n|\n|t:|1776159871\n|move|p1a: Aegislash|King's Shield|p1a: Aegislash\n|-singleturn|p1a: Aegislash|Protect\n|move|p2a: Garchomp|Earthquake|p1a: Aegislash\n|-activate|p1a: Aegislash|move: Protect\n|\n|-sideend|p2: meatrub|Reflect\n|upkeep\n|turn|6\n|\n|t:|1776159879\n|switch|p1a: Basculegion|Basculegion, L50, M|100/100\n|move|p2a: Garchomp|Earthquake|p1a: Basculegion\n|-damage|p1a: Basculegion|33/100\n|\n|-sideend|p2: meatrub|move: Light Screen\n|upkeep\n|turn|7\n|\n|t:|1776159893\n|move|p2a: Garchomp|Earthquake|p1a: Basculegion\n|-damage|p1a: Basculegion|0 fnt\n|faint|p1a: Basculegion\n|\n|upkeep\n|\n|t:|1776159896\n|switch|p1a: Aegislash|Aegislash, L50, F|100/100\n|turn|8\n|c|\u2606meatrub|Physical is better\n|c|\u2606fletchyfletchy|ggs\n|c|\u2606meatrub|240 power close combat is a thing\n|\n|t:|1776159914\n|move|p2a: Garchomp|Earthquake|p1a: Aegislash\n|-supereffective|p1a: Aegislash|1\n|-damage|p1a: Aegislash|17/100\n|-formechange|p1a: Aegislash|Aegislash-Blade|\n|move|p1a: Aegislash|Sacred Sword|p2a: Garchomp\n|-damage|p2a: Garchomp|63/100\n|-damage|p1a: Aegislash|5/100|[from] ability: Rough Skin|[of] p2a: Garchomp\n|\n|-heal|p1a: Aegislash|11/100|[from] item: Leftovers\n|upkeep\n|turn|9\n|c|\u2606fletchyfletchy|true\n|c|\u2606meatrub|Too much gararchomp\n|c|\u2606meatrub|Sneasler as well\n|\n|t:|1776159933\n|-formechange|p1a: Aegislash|Aegislash|\n|move|p1a: Aegislash|King's Shield|p1a: Aegislash\n|-singleturn|p1a: Aegislash|Protect\n|move|p2a: Garchomp|Earthquake|p1a: Aegislash\n|-activate|p1a: Aegislash|move: Protect\n|\n|-heal|p1a: Aegislash|17/100|[from] item: Leftovers\n|upkeep\n|turn|10\n|c|\u2606fletchyfletchy|cant sneasler kinda replace lucario\n|c|\u2606fletchyfletchy|cuz u need to mega evo\n|\n|t:|1776159949\n|move|p2a: Garchomp|Earthquake|p1a: Aegislash\n|-supereffective|p1a: Aegislash|1\n|-damage|p1a: Aegislash|0 fnt\n|faint|p1a: Aegislash\n|\n|win|meatrub\n|raw|fletchyfletchy's rating: 1040 &rarr; <strong>1024</strong><br />(-16 for losing)\n|raw|meatrub's rating: 1040 &rarr; <strong>1074</strong><br />(+34 for winning)\n|c|\u2606meatrub|Yeah sneasler better\n|c|\u2606meatrub|Lucario is too slow\n|c|\u2606meatrub|For current standards imo\n|c|\u2606meatrub|And glass cannon\n|c|\u2606fletchyfletchy|but special lucario can kinda get the special niche\n|c|\u2606fletchyfletchy|or smthing\n|c|\u2606meatrub|Mega lucario gets 1 tap is the problem\n|c|\u2606meatrub|If lucario hits it kills\n|c|\u2606fletchyfletchy|and it cant hold focus sash\n|c|\u2606meatrub|But loses to anything faster\n|c|\u2606fletchyfletchy|yup\n|c|\u2606meatrub|I think lucario needs better screen users\n|c|\u2606fletchyfletchy|frosslass aurora veil?\n|c|\u2606meatrub|Or nine tails maybe\n|c|\u2606fletchyfletchy|ye\n|c|\u2606meatrub|Something so it can ttank a hit\n|c|\u2606fletchyfletchy|i forgot u need to mega evo\n|c|\u2606meatrub|Its bulk is the problem\n|c|\u2606meatrub|And we have new toys that are faster than 112 speed\n|c|\u2606fletchyfletchy|lemme check\n|c|\u2606meatrub|So 112 is nothing special at the moment imo\n|c|\u2606fletchyfletchy|i dont know any of the speeds rn\n|c|\u2606meatrub|Snealer and dragonpult\n|c|\u2606fletchyfletchy|and some of the other megas\n|c|\u2606meatrub|The big one i noticed is choice scaf garchomp is everywhere\n|c|\u2606meatrub|Yeah mega lupponey is also used alot i noticed\n|c|\u2606meatrub|And is faster and its with fighting stab\n|c|\u2606fletchyfletchy|and that annoying ahh fake out\n|c|\u2606fletchyfletchy|and has scrappy\n|c|\u2606meatrub|I find zard x doesn't seem to hold up\n|c|\u2606meatrub|Zard x was the my back up mega\n|c|\u2606fletchyfletchy|isnt y always the best\n|c|\u2606meatrub|In vgc doubles\n|c|\u2606meatrub|X was better back in the day for singles\n|c|\u2606fletchyfletchy|dang\n|c|\u2606meatrub|Similar problem as lucario\n|c|\u2606meatrub|For some reason scarf garchomp is everywhere\n|c|\u2606fletchyfletchy|i just realiesd that\n|c|\u2606meatrub|And out seeds zard x even after a dragon dance\n|c|\u2606fletchyfletchy|is it still worth using stealth rock\n|c|\u2606fletchyfletchy|in 3v3?\n|c|\u2606meatrub|Yes\n|c|\u2606meatrub|Steath rock counters sash\n|c|\u2606meatrub|Which is like the best item currently\n|c|\u2606fletchyfletchy|cant u run sandstorm?\n|c|\u2606meatrub|U can as wrll\n|c|\u2606fletchyfletchy|also how do you think lucario z will go?\n|c|\u2606meatrub|I have lost games cos of sash\n|c|\u2606meatrub|Im not sure\n|c|\u2606meatrub|If its faster it could be good\n|c|\u2606meatrub|Less damage but speed is important\n|l|\u2606fletchyfletchy\n|player|p1|\n|j|\u2606fletchyfletchy\n|player|p1|fletchyfletchy|liko|\n",
  "uploadtime": 1776159949,
  "views": 5,
  "formatid": "gen9championsbssregma",
  "rating": 1024,
  "private": 0,
  "password": null
}