{
  "id": "gen9championsbssregma-2580846592",
  "format": "[Gen 9 Champions] BSS Reg M-A",
  "players": [
    "Condo23",
    "Meteorplayz_"
  ],
  "log": "|j|\u2606Condo23\n|j|\u2606Meteorplayz_\n|t:|1775937293\n|gametype|singles\n|player|p1|Condo23|265|1000\n|player|p2|Meteorplayz_|winona-gen6|1131\n|gen|9\n|tier|[Gen 9 Champions] BSS Reg M-A\n|rated|\n|rule|Species Clause: Limit one of each Pok\u00e9mon\n|rule|Item Clause: Limit 1 of each item\n|clearpoke\n|poke|p1|Farigiraf, L50, F|\n|poke|p1|Conkeldurr, L50, M|\n|poke|p1|Camerupt, L50, F|\n|poke|p1|Torkoal, L50, F|\n|poke|p1|Rotom-Wash, L50|\n|poke|p1|Garchomp, L50, F|\n|poke|p2|Meowscarada, L50, M|\n|poke|p2|Milotic, L50, M|\n|poke|p2|Aegislash, L50, M|\n|poke|p2|Dragonite, L50, M|\n|poke|p2|Slowking-Galar, L50, F|\n|poke|p2|Lopunny, L50, F|\n|teampreview|3\n|j| JulianTurtleLover\n|\n|t:|1775937306\n|teamsize|p1|3\n|teamsize|p2|3\n|start\n|switch|p1a: Farigiraf|Farigiraf, L50, F|100/100\n|switch|p2a: Lopunny|Lopunny, L50, F|100/100\n|turn|1\n|-message|Condo23 forfeited.\n|\n|win|Meteorplayz_\n|raw|Condo23's rating: 1000 &rarr; <strong>1000</strong><br />(+0 for losing)\n|raw|Meteorplayz_'s rating: 1131 &rarr; <strong>1147</strong><br />(+16 for winning)\n",
  "uploadtime": 1775937344,
  "views": 14,
  "formatid": "gen9championsbssregma",
  "rating": 1000,
  "private": 0,
  "password": null
}