{
  "id": "gen9championsbssregma-2586192680",
  "format": "[Gen 9 Champions] BSS Reg M-A",
  "players": [
    "dem0n2011",
    "janmichael545"
  ],
  "log": "|j|\u203ddem0n2011\n|j|\u2606janmichael545\n|t:|1776410685\n|gametype|singles\n|player|p1|dem0n2011|benga|1000\n|player|p2|janmichael545|alder|1093\n|gen|9\n|tier|[Gen 9 Champions] BSS Reg M-A\n|rated|\n|rule|Species Clause: Limit one of each Pok\u00e9mon\n|rule|Item Clause: Limit 1 of each item\n|clearpoke\n|poke|p1|Absol, L50, M|\n|poke|p1|Orthworm, L50, F|\n|poke|p1|Gengar, L50, F|\n|poke|p1|Milotic, L50, F|\n|poke|p1|Armarouge, L50, M|\n|poke|p1|Garchomp, L50, F|\n|poke|p2|Aggron, L50, M|\n|poke|p2|Forretress, L50, F|\n|poke|p2|Araquanid, L50, M|\n|poke|p2|Goodra, L50, F|\n|poke|p2|Hatterene, L50, F|\n|poke|p2|Sinistcha, L50|\n|teampreview|3\n|inactive|Battle timer is ON: inactive players will automatically lose when time's up. (requested by dem0n2011)\n|inactive|janmichael545 has 60 seconds left.\n|\n|t:|1776410752\n|teamsize|p1|3\n|teamsize|p2|3\n|start\n|switch|p1a: Armarouge|Armarouge, L50, M|100/100\n|switch|p2a: Araquanid|Araquanid, L50, M|100/100\n|turn|1\n|\n|t:|1776410757\n|move|p1a: Armarouge|Calm Mind|p1a: Armarouge\n|-boost|p1a: Armarouge|spa|1\n|-boost|p1a: Armarouge|spd|1\n|move|p2a: Araquanid|Liquidation|p1a: Armarouge\n|-supereffective|p1a: Armarouge|1\n|-enditem|p1a: Armarouge|Focus Sash\n|-damage|p1a: Armarouge|1/100\n|-ability|p1a: Armarouge|Weak Armor|boost\n|-unboost|p1a: Armarouge|def|1\n|-boost|p1a: Armarouge|spe|2\n|\n|upkeep\n|turn|2\n|inactive|dem0n2011 has 30 seconds left.\n|\n|t:|1776410788\n|move|p1a: Armarouge|Psychic|p2a: Araquanid\n|-damage|p2a: Araquanid|48/100\n|move|p2a: Araquanid|Skitter Smack|p1a: Armarouge\n|-damage|p1a: Armarouge|0 fnt\n|faint|p1a: Armarouge\n|\n|upkeep\n|\n|t:|1776410795\n|switch|p1a: Gengar|Gengar, L50, F|100/100\n|turn|3\n|\n|t:|1776410798\n|detailschange|p1a: Gengar|Gengar-Mega, L50, F\n|-mega|p1a: Gengar|Gengar|Gengarite\n|move|p1a: Gengar|Thunder|p2a: Araquanid\n|-supereffective|p2a: Araquanid|1\n|-damage|p2a: Araquanid|0 fnt\n|faint|p2a: Araquanid\n|\n|upkeep\n|\n|t:|1776410804\n|switch|p2a: Aggron|Aggron, L50, M|100/100\n|turn|4\n|\n|t:|1776410814\n|detailschange|p2a: Aggron|Aggron-Mega, L50, M\n|-mega|p2a: Aggron|Aggron|Aggronite\n|move|p1a: Gengar|Shadow Ball|p2a: Aggron\n|-damage|p2a: Aggron|36/100\n|move|p2a: Aggron|Heavy Slam|p1a: Gengar\n|-damage|p1a: Gengar|16/100\n|\n|upkeep\n|turn|5\n|-message|janmichael545 forfeited.\n|\n|win|dem0n2011\n|raw|dem0n2011's rating: 1000 &rarr; <strong>1050</strong><br />(+50 for winning)\n|raw|janmichael545's rating: 1093 &rarr; <strong>1063</strong><br />(-30 for losing)\n|l|\u2606janmichael545\n|player|p2|\n",
  "uploadtime": 1776410835,
  "views": 2,
  "formatid": "gen9championsbssregma",
  "rating": 1050,
  "private": 0,
  "password": null
}