{
  "id": "gen9championsbssregma-2588609920",
  "format": "[Gen 9 Champions] BSS Reg M-A",
  "players": [
    "yoyotaka",
    "Take609"
  ],
  "log": "|j|\u2606yoyotaka\n|j|\u2606Take609\n|t:|1776649817\n|gametype|singles\n|player|p1|yoyotaka|169|1366\n|player|p2|Take609|170|1384\n|gen|9\n|tier|[Gen 9 Champions] BSS Reg M-A\n|rated|\n|rule|Species Clause: Limit one of each Pok\u00e9mon\n|rule|Item Clause: Limit 1 of each item\n|clearpoke\n|poke|p1|Dragonite, L50, M|\n|poke|p1|Hippowdon, L50, F|\n|poke|p1|Primarina, L50, F|\n|poke|p1|Kangaskhan, L50, F|\n|poke|p1|Meowscarada, L50, F|\n|poke|p1|Corviknight, L50, M|\n|poke|p2|Samurott-Hisui, L50, M, shiny|\n|poke|p2|Charizard, L50, M, shiny|\n|poke|p2|Clefable, L50, F, shiny|\n|poke|p2|Garchomp, L50, M, shiny|\n|poke|p2|Whimsicott, L50, F, shiny|\n|poke|p2|Toxapex, L50, F, shiny|\n|teampreview|3\n|inactive|Battle timer is ON: inactive players will automatically lose when time's up. (requested by Take609)\n|inactive|yoyotaka has 60 seconds left.\n|inactive|yoyotaka has 30 seconds left.\n|\n|t:|1776649886\n|teamsize|p1|3\n|teamsize|p2|3\n|start\n|switch|p1a: Kangaskhan|Kangaskhan, L50, F|100/100\n|switch|p2a: Clefable|Clefable, L50, F, shiny|100/100\n|turn|1\n|inactive|yoyotaka has 30 seconds left.\n|\n|t:|1776649918\n|switch|p2a: Toxapex|Toxapex, L50, F, shiny|100/100\n|detailschange|p1a: Kangaskhan|Kangaskhan-Mega, L50, F\n|-mega|p1a: Kangaskhan|Kangaskhan|Kangaskhanite\n|move|p1a: Kangaskhan|Fake Out|p2a: Toxapex\n|-damage|p2a: Toxapex|83/100\n|-damage|p2a: Toxapex|79/100\n|-hitcount|p2a: Toxapex|2\n|\n|upkeep\n|turn|2\n|\n|t:|1776649928\n|switch|p1a: Corviknight|Corviknight, L50, M|100/100\n|switch|p2a: Charizard|Charizard, L50, M, shiny|100/100\n|\n|upkeep\n|turn|3\n|j| p74\n|\n|t:|1776649942\n|switch|p1a: Kangaskhan|Kangaskhan-Mega, L50, F|100/100\n|move|p2a: Charizard|Will-O-Wisp|p1a: Kangaskhan\n|-status|p1a: Kangaskhan|brn\n|\n|-damage|p1a: Kangaskhan|94/100 brn|[from] brn\n|upkeep\n|turn|4\n|-message|yoyotaka forfeited.\n|\n|win|Take609\n|raw|yoyotaka's rating: 1366 &rarr; <strong>1347</strong><br />(-19 for losing)\n|raw|Take609's rating: 1384 &rarr; <strong>1403</strong><br />(+19 for winning)\n|l|\u2606Take609\n|player|p2|\n|l|\u2606yoyotaka\n|player|p1|\n",
  "uploadtime": 1776649965,
  "views": 1,
  "formatid": "gen9championsbssregma",
  "rating": 1347,
  "private": 0,
  "password": null
}