{
  "id": "gen9championsbssregma-2584272560",
  "format": "[Gen 9 Champions] BSS Reg M-A",
  "players": [
    "nuko1234",
    "zakokr"
  ],
  "log": "|j|\u2606nuko1234\n|j|\u2606zakokr\n|t:|1776245741\n|gametype|singles\n|player|p1|nuko1234|guitarist|1401\n|player|p2|zakokr|silver|1334\n|gen|9\n|tier|[Gen 9 Champions] BSS Reg M-A\n|rated|\n|rule|Species Clause: Limit one of each Pok\u00e9mon\n|rule|Item Clause: Limit 1 of each item\n|clearpoke\n|poke|p1|Kingambit, L50, F|\n|poke|p1|Garchomp, L50, F|\n|poke|p1|Corviknight, L50, M|\n|poke|p1|Gardevoir, L50, M|\n|poke|p1|Primarina, L50, F|\n|poke|p1|Dragonite, L50, M|\n|poke|p2|Blastoise, L50, F|\n|poke|p2|Hippowdon, L50, M|\n|poke|p2|Glimmora, L50, F|\n|poke|p2|Corviknight, L50, F|\n|poke|p2|Meowscarada, L50, F|\n|poke|p2|Mamoswine, L50, M|\n|teampreview|3\n|inactive|Battle timer is ON: inactive players will automatically lose when time's up. (requested by nuko1234)\n|inactive|nuko1234 has 60 seconds left.\n|\n|t:|1776245810\n|teamsize|p1|3\n|teamsize|p2|3\n|start\n|switch|p1a: Gardevoir|Gardevoir, L50, M|100/100\n|switch|p2a: Meowscarada|Meowscarada, L50, F|100/100\n|-ability|p1a: Gardevoir|Protean|Trace|[from] ability: Trace|[of] p2a: Meowscarada\n|turn|1\n|\n|t:|1776245824\n|switch|p1a: Kingambit|Kingambit, L50, F|100/100\n|move|p2a: Meowscarada|U-turn|p1a: Kingambit\n|-start|p2a: Meowscarada|typechange|Bug|[from] ability: Protean\n|-damage|p1a: Kingambit|67/100\n|\n|t:|1776245847\n|switch|p2a: Glimmora|Glimmora, L50, F|100/100|[from] U-turn\n|\n|upkeep\n|turn|2\n|\n|t:|1776245859\n|switch|p1a: Gardevoir|Gardevoir, L50, M|100/100\n|-ability|p1a: Gardevoir|Toxic Debris|Trace|[from] ability: Trace|[of] p2a: Glimmora\n|detailschange|p2a: Glimmora|Glimmora-Mega, L50, F\n|-mega|p2a: Glimmora|Glimmora|Glimmoranite\n|move|p2a: Glimmora|Earth Power|p1a: Gardevoir\n|-damage|p1a: Gardevoir|63/100\n|\n|upkeep\n|turn|3\n|\n|t:|1776245869\n|detailschange|p1a: Gardevoir|Gardevoir-Mega, L50, M\n|-mega|p1a: Gardevoir|Gardevoir|Gardevoirite\n|move|p2a: Glimmora|Sludge Wave|p1a: Gardevoir\n|-supereffective|p1a: Gardevoir|1\n|-damage|p1a: Gardevoir|0 fnt\n|faint|p1a: Gardevoir\n|\n|upkeep\n|\n|t:|1776245871\n|switch|p1a: Kingambit|Kingambit, L50, F|67/100\n|turn|4\n|\n|t:|1776245878\n|move|p2a: Glimmora|Earth Power|p1a: Kingambit\n|-supereffective|p1a: Kingambit|1\n|-damage|p1a: Kingambit|0 fnt\n|faint|p1a: Kingambit\n|\n|upkeep\n|j| p74\n|-message|nuko1234 forfeited.\n|\n|win|zakokr\n|raw|nuko1234's rating: 1401 &rarr; <strong>1377</strong><br />(-24 for losing)\n|raw|zakokr's rating: 1334 &rarr; <strong>1358</strong><br />(+24 for winning)\n|l|\u2606nuko1234\n|player|p1|\n|l|\u2606zakokr\n|player|p2|\n",
  "uploadtime": 1776245914,
  "views": 14,
  "formatid": "gen9championsbssregma",
  "rating": 1358,
  "private": 0,
  "password": null
}