{
  "id": "gen9championsbssregma-2583951719",
  "format": "[Gen 9 Champions] BSS Reg M-A",
  "players": [
    "Gshs5",
    "DGENERAT"
  ],
  "log": "|j|\u2606Gshs5\n|j|\u2606DGENERAT\n|t:|1776211191\n|gametype|singles\n|player|p1|Gshs5|102|1135\n|player|p2|DGENERAT|guzma|1316\n|gen|9\n|tier|[Gen 9 Champions] BSS Reg M-A\n|rated|\n|rule|Species Clause: Limit one of each Pok\u00e9mon\n|rule|Item Clause: Limit 1 of each item\n|clearpoke\n|poke|p1|Absol, L50, F|\n|poke|p1|Diggersby, L50, M|\n|poke|p1|Gyarados, L50, F|\n|poke|p1|Venusaur, L50, M|\n|poke|p1|Archaludon, L50, F|\n|poke|p1|Volcarona, L50, F|\n|poke|p2|Kommo-o, L50, F|\n|poke|p2|Charizard, L50, F|\n|poke|p2|Sneasler, L50, F|\n|poke|p2|Kangaskhan, L50, F|\n|poke|p2|Basculegion, L50, M|\n|poke|p2|Mimikyu, L50, M|\n|teampreview|3\n|inactive|Battle timer is ON: inactive players will automatically lose when time's up. (requested by DGENERAT)\n|\n|t:|1776211219\n|teamsize|p1|3\n|teamsize|p2|3\n|start\n|switch|p1a: Archaludon|Archaludon, L50, F|100/100\n|switch|p2a: Kommo-o|Kommo-o, L50, F|100/100\n|turn|1\n|\n|t:|1776211222\n|move|p1a: Archaludon|Draco Meteor|p2a: Kommo-o\n|-supereffective|p2a: Kommo-o|1\n|-damage|p2a: Kommo-o|0 fnt\n|-unboost|p1a: Archaludon|spa|2\n|faint|p2a: Kommo-o\n|\n|upkeep\n|\n|t:|1776211225\n|switch|p2a: Sneasler|Sneasler, L50, F, shiny|100/100\n|turn|2\n|\n|t:|1776211231\n|switch|p1a: Gyarados|Gyarados, L50, F|100/100\n|-ability|p1a: Gyarados|Intimidate|boost\n|-unboost|p2a: Sneasler|atk|1\n|move|p2a: Sneasler|Switcheroo|p1a: Gyarados\n|-activate|p2a: Sneasler|move: Trick|[of] p1a: Gyarados\n|-item|p1a: Gyarados|Choice Scarf|[from] move: Switcheroo\n|-item|p2a: Sneasler|Sitrus Berry|[from] move: Switcheroo\n|\n|upkeep\n|turn|3\n|\n|t:|1776211240\n|move|p2a: Sneasler|Dire Claw|p1a: Gyarados\n|-damage|p1a: Gyarados|75/100\n|-status|p1a: Gyarados|slp\n|cant|p1a: Gyarados|slp\n|\n|upkeep\n|turn|4\n|\n|t:|1776211245\n|move|p2a: Sneasler|U-turn|p1a: Gyarados\n|-resisted|p1a: Gyarados|1\n|-damage|p1a: Gyarados|68/100 slp\n|\n|t:|1776211247\n|switch|p2a: Charizard|Charizard, L50, F, shiny|100/100|[from] U-turn\n|-curestatus|p1a: Gyarados|slp|[msg]\n|move|p1a: Gyarados|Waterfall|p2a: Charizard\n|-supereffective|p2a: Charizard|1\n|-damage|p2a: Charizard|0 fnt\n|faint|p2a: Charizard\n|\n|upkeep\n|-message|DGENERAT forfeited.\n|\n|win|Gshs5\n|raw|Gshs5's rating: 1135 &rarr; <strong>1172</strong><br />(+37 for winning)\n|raw|DGENERAT's rating: 1316 &rarr; <strong>1286</strong><br />(-30 for losing)\n|l|\u2606DGENERAT\n|player|p2|\n",
  "uploadtime": 1776211254,
  "views": 16,
  "formatid": "gen9championsbssregma",
  "rating": 1172,
  "private": 0,
  "password": null
}