{
  "id": "gen9championsbssregma-2582088935",
  "format": "[Gen 9 Champions] BSS Reg M-A",
  "players": [
    "kyotoyoko",
    "MiraidonGaming"
  ],
  "log": "|j|\u2606kyotoyoko\n|j|\u2606MiraidonGaming\n|t:|1776056446\n|gametype|singles\n|player|p1|kyotoyoko|caitlin|1286\n|player|p2|MiraidonGaming|lucas|1207\n|gen|9\n|tier|[Gen 9 Champions] BSS Reg M-A\n|rated|\n|rule|Species Clause: Limit one of each Pok\u00e9mon\n|rule|Item Clause: Limit 1 of each item\n|clearpoke\n|poke|p1|Lopunny, L50, F|\n|poke|p1|Garchomp, L50, F|\n|poke|p1|Corviknight, L50, F|\n|poke|p1|Primarina, L50, F|\n|poke|p1|Hydreigon, L50, F|\n|poke|p1|Greninja-*, L50, M|\n|poke|p2|Ninetales-Alola, L50, F|\n|poke|p2|Charizard, L50, M|\n|poke|p2|Scizor, L50, M|\n|poke|p2|Sinistcha, L50|\n|poke|p2|Rotom-Wash, L50|\n|poke|p2|Salazzle, L50, F|\n|teampreview|3\n|\n|t:|1776056489\n|teamsize|p1|3\n|teamsize|p2|3\n|start\n|switch|p1a: Garchomp|Garchomp, L50, F|100/100\n|switch|p2a: Vanity?|Ninetales-Alola, L50, F|100/100\n|-weather|Snowscape|[from] ability: Snow Warning|[of] p2a: Vanity?\n|turn|1\n|inactive|Battle timer is ON: inactive players will automatically lose when time's up. (requested by kyotoyoko)\n|\n|t:|1776056521\n|move|p2a: Vanity?|Freeze-Dry|p1a: Garchomp\n|-supereffective|p1a: Garchomp|2\n|-enditem|p1a: Garchomp|Focus Sash\n|-damage|p1a: Garchomp|1/100\n|move|p1a: Garchomp|Rock Tomb|p2a: Vanity?\n|-supereffective|p2a: Vanity?|1\n|-damage|p2a: Vanity?|56/100\n|-unboost|p2a: Vanity?|spe|1\n|\n|-weather|Snowscape|[upkeep]\n|upkeep\n|turn|2\n|j| p74\n|\n|t:|1776056533\n|move|p1a: Garchomp|Earthquake|p2a: Vanity?\n|-damage|p2a: Vanity?|5/100\n|move|p2a: Vanity?|Aurora Veil|p2a: Vanity?\n|-sidestart|p2: MiraidonGaming|move: Aurora Veil\n|\n|-weather|Snowscape|[upkeep]\n|upkeep\n|turn|3\n|\n|t:|1776056539\n|move|p1a: Garchomp|Stealth Rock|p2a: Vanity?\n|-sidestart|p2: MiraidonGaming|move: Stealth Rock\n|move|p2a: Vanity?|Freeze-Dry|p1a: Garchomp\n|-supereffective|p1a: Garchomp|2\n|-damage|p1a: Garchomp|0 fnt\n|faint|p1a: Garchomp\n|\n|-weather|Snowscape|[upkeep]\n|upkeep\n|\n|t:|1776056544\n|switch|p1a: Hydreigon|Hydreigon, L50, F|100/100\n|turn|4\n|\n|t:|1776056546\n|move|p1a: Hydreigon|U-turn|p2a: Vanity?\n|-resisted|p2a: Vanity?|1\n|-damage|p2a: Vanity?|1/100\n|\n|t:|1776056549\n|switch|p1a: Greninja|Greninja, L50, M, shiny|100/100|[from] U-turn\n|move|p2a: Vanity?|Moonblast|p1a: Greninja\n|-supereffective|p1a: Greninja|1\n|-damage|p1a: Greninja|0 fnt\n|faint|p1a: Greninja\n|\n|-weather|Snowscape|[upkeep]\n|upkeep\n|-message|kyotoyoko forfeited.\n|\n|win|MiraidonGaming\n|raw|kyotoyoko's rating: 1286 &rarr; <strong>1255</strong><br />(-31 for losing)\n|raw|MiraidonGaming's rating: 1207 &rarr; <strong>1238</strong><br />(+31 for winning)\n|l|\u2606kyotoyoko\n|player|p1|\n|l|\u2606MiraidonGaming\n|player|p2|\n|j|\u2606MiraidonGaming\n|player|p2|MiraidonGaming|lucas|\n",
  "uploadtime": 1776056563,
  "views": 24,
  "formatid": "gen9championsbssregma",
  "rating": 1238,
  "private": 0,
  "password": null
}