{
  "id": "gen9championsbssregma-2587921875",
  "format": "[Gen 9 Champions] BSS Reg M-A",
  "players": [
    "csgogo",
    "kyotoyoko"
  ],
  "log": "|j|\u2606csgogo\n|j|\u2606kyotoyoko\n|t:|1776579420\n|gametype|singles\n|player|p1|csgogo|hiker-gen4|1477\n|player|p2|kyotoyoko|caitlin|1468\n|gen|9\n|tier|[Gen 9 Champions] BSS Reg M-A\n|rated|\n|rule|Species Clause: Limit one of each Pok\u00e9mon\n|rule|Item Clause: Limit 1 of each item\n|clearpoke\n|poke|p1|Rotom-Wash, L50|\n|poke|p1|Lopunny, L50, F|\n|poke|p1|Slowking-Galar, L50, F, shiny|\n|poke|p1|Garchomp, L50, M|\n|poke|p1|Volcarona, L50, M|\n|poke|p1|Blastoise, L50, F|\n|poke|p2|Hippowdon, L50, F|\n|poke|p2|Dragonite, L50, F, shiny|\n|poke|p2|Meowscarada, L50, F|\n|poke|p2|Kangaskhan, L50, F, shiny|\n|poke|p2|Skeledirge, L50, F, shiny|\n|poke|p2|Mimikyu, L50, F, shiny|\n|teampreview|3\n|\n|t:|1776579441\n|teamsize|p1|3\n|teamsize|p2|3\n|start\n|switch|p1a: Rotom|Rotom-Wash, L50|100/100\n|switch|p2a: Dragonite|Dragonite, L50, F, shiny|100/100\n|turn|1\n|inactive|Battle timer is ON: inactive players will automatically lose when time's up. (requested by kyotoyoko)\n|\n|t:|1776579454\n|detailschange|p2a: Dragonite|Dragonite-Mega, L50, F, shiny\n|-mega|p2a: Dragonite|Dragonite|Dragoninite\n|move|p2a: Dragonite|Draco Meteor|p1a: Rotom|[miss]\n|-miss|p2a: Dragonite|p1a: Rotom\n|move|p1a: Rotom|Volt Switch|p2a: Dragonite\n|-crit|p2a: Dragonite\n|-damage|p2a: Dragonite|85/100\n|\n|t:|1776579463\n|switch|p1a: Lopunny|Lopunny, L50, F|100/100|[from] Volt Switch\n|\n|upkeep\n|turn|2\n|c|\u2606kyotoyoko|\ud83d\ude05\n|\n|t:|1776579474\n|switch|p2a: Skeledirge|Skeledirge, L50, F, shiny|100/100\n|detailschange|p1a: Lopunny|Lopunny-Mega, L50, F\n|-mega|p1a: Lopunny|Lopunny|Lopunnite\n|move|p1a: Lopunny|Triple Axel|p2a: Skeledirge\n|-resisted|p2a: Skeledirge|1\n|-damage|p2a: Skeledirge|98/100\n|-resisted|p2a: Skeledirge|1\n|-damage|p2a: Skeledirge|93/100\n|-hitcount|p2a: Skeledirge|2\n|\n|upkeep\n|turn|3\n|\n|t:|1776579487\n|switch|p2a: Dragonite|Dragonite-Mega, L50, F, shiny|85/100\n|move|p1a: Lopunny|U-turn|p2a: Dragonite\n|-resisted|p2a: Dragonite|1\n|-damage|p2a: Dragonite|74/100\n|\n|t:|1776579492\n|switch|p1a: Garchomp|Garchomp, L50, M|100/100|[from] U-turn\n|\n|upkeep\n|turn|4\n|\n|t:|1776579500\n|move|p1a: Garchomp|Stone Edge|p2a: Dragonite\n|-supereffective|p2a: Dragonite|1\n|-crit|p2a: Dragonite\n|-damage|p2a: Dragonite|0 fnt\n|faint|p2a: Dragonite\n|\n|upkeep\n|c|\u2606kyotoyoko|fu\n|-message|kyotoyoko forfeited.\n|\n|win|csgogo\n|raw|csgogo's rating: 1477 &rarr; <strong>1496</strong><br />(+19 for winning)\n|raw|kyotoyoko's rating: 1468 &rarr; <strong>1449</strong><br />(-19 for losing)\n|l|\u2606kyotoyoko\n|player|p2|\n",
  "uploadtime": 1776579510,
  "views": 13,
  "formatid": "gen9championsbssregma",
  "rating": 1449,
  "private": 0,
  "password": null
}