{
  "id": "gen9championsbssregma-2583100690",
  "format": "[Gen 9 Champions] BSS Reg M-A",
  "players": [
    "bandai home",
    "Pomme de mer"
  ],
  "log": "|j|\u2606bandai home\n|j|\u2606Pomme de mer\n|t:|1776142045\n|gametype|singles\n|player|p1|bandai home|170|1331\n|player|p2|Pomme de mer|n|1282\n|gen|9\n|tier|[Gen 9 Champions] BSS Reg M-A\n|rated|\n|rule|Species Clause: Limit one of each Pok\u00e9mon\n|rule|Item Clause: Limit 1 of each item\n|clearpoke\n|poke|p1|Dragapult, L50, F|\n|poke|p1|Floette-Eternal, L50, F|\n|poke|p1|Scovillain, L50, M|\n|poke|p1|Kingambit, L50, F|\n|poke|p1|Corviknight, L50, M|\n|poke|p1|Arcanine-Hisui, L50, F|\n|poke|p2|Meganium, L50, M|\n|poke|p2|Scizor, L50, M|\n|poke|p2|Basculegion, L50, M|\n|poke|p2|Tyranitar, L50, M|\n|poke|p2|Volcarona, L50, F|\n|poke|p2|Charizard, L50, F|\n|teampreview|3\n|inactive|Battle timer is ON: inactive players will automatically lose when time's up. (requested by Pomme de mer)\n|j| p74\n|inactive|bandai home has 60 seconds left.\n|\n|t:|1776142076\n|teamsize|p1|3\n|teamsize|p2|3\n|start\n|switch|p1a: Arcanine|Arcanine-Hisui, L50, F|100/100\n|switch|p2a: Scizor|Scizor, L50, M|100/100\n|turn|1\n|\n|t:|1776142085\n|switch|p2a: Basculegion|Basculegion, L50, M|100/100\n|move|p1a: Arcanine|Head Smash|p2a: Basculegion\n|-damage|p2a: Basculegion|0 fnt\n|faint|p2a: Basculegion\n|\n|upkeep\n|\n|t:|1776142092\n|switch|p2a: Scizor|Scizor, L50, M|100/100\n|turn|2\n|\n|t:|1776142100\n|move|p1a: Arcanine|Head Smash|p2a: Scizor\n|-damage|p2a: Scizor|24/100\n|move|p2a: Scizor|Close Combat|p1a: Arcanine\n|-supereffective|p1a: Arcanine|1\n|-damage|p1a: Arcanine|0 fnt\n|-unboost|p2a: Scizor|def|1\n|-unboost|p2a: Scizor|spd|1\n|faint|p1a: Arcanine\n|\n|upkeep\n|\n|t:|1776142110\n|switch|p1a: Scovillain|Scovillain, L50, M|100/100\n|turn|3\n|\n|t:|1776142115\n|switch|p2a: Charizard|Charizard, L50, F|100/100\n|move|p1a: Scovillain|Substitute|p1a: Scovillain\n|-start|p1a: Scovillain|Substitute\n|-damage|p1a: Scovillain|76/100\n|\n|-ability|p1a: Scovillain|Moody|boost\n|-boost|p1a: Scovillain|spd|2\n|-unboost|p1a: Scovillain|atk|1\n|upkeep\n|turn|4\n|\n|t:|1776142132\n|detailschange|p2a: Charizard|Charizard-Mega-Y, L50, F\n|-mega|p2a: Charizard|Charizard|Charizardite Y\n|-weather|SunnyDay|[from] ability: Drought|[of] p2a: Charizard\n|move|p2a: Charizard|Weather Ball|p1a: Scovillain\n|-end|p1a: Scovillain|Substitute\n|move|p1a: Scovillain|Trailblaze|p2a: Charizard\n|-resisted|p2a: Charizard|2\n|-damage|p2a: Charizard|96/100\n|-boost|p1a: Scovillain|spe|1\n|\n|-weather|SunnyDay|[upkeep]\n|-ability|p1a: Scovillain|Moody|boost\n|-boost|p1a: Scovillain|atk|2\n|-unboost|p1a: Scovillain|spe|1\n|upkeep\n|turn|5\n|l|\u2606bandai home\n|inactive|bandai home disconnected and has a minute to reconnect!\n|player|p1|\n|inactive|bandai home has 30 seconds left.\n|inactive|bandai home has 20 seconds left.\n|inactive|bandai home has 15 seconds left.\n|inactive|bandai home has 10 seconds left.\n|inactive|bandai home has 5 seconds left.\n|-message|bandai home lost due to inactivity.\n|\n|win|Pomme de mer\n|raw|bandai home's rating: 1331 &rarr; <strong>1308</strong><br />(-23 for losing)\n|raw|Pomme de mer's rating: 1282 &rarr; <strong>1311</strong><br />(+29 for winning)\n",
  "uploadtime": 1776142200,
  "views": 2,
  "formatid": "gen9championsbssregma",
  "rating": 1308,
  "private": 0,
  "password": null
}