{
  "id": "gen9championsbssregma-2582128007",
  "format": "[Gen 9 Champions] BSS Reg M-A",
  "players": [
    "SongGwanSeop",
    "KevMev"
  ],
  "log": "|j|\u2606SongGwanSeop\n|j|\u2606KevMev\n|t:|1776061572\n|gametype|singles\n|player|p1|SongGwanSeop|2|1112\n|player|p2|KevMev|1|1188\n|gen|9\n|tier|[Gen 9 Champions] BSS Reg M-A\n|rated|\n|rule|Species Clause: Limit one of each Pok\u00e9mon\n|rule|Item Clause: Limit 1 of each item\n|clearpoke\n|poke|p1|Chandelure, L50, F|\n|poke|p1|Politoed, L50, F|\n|poke|p1|Basculegion, L50, M|\n|poke|p1|Garchomp, L50, F|\n|poke|p1|Corviknight, L50, F|\n|poke|p1|Lopunny, L50, M|\n|poke|p2|Sneasler, L50, M|\n|poke|p2|Archaludon, L50, M|\n|poke|p2|Gyarados, L50, F|\n|poke|p2|Meowscarada, L50, M|\n|poke|p2|Primarina, L50, M|\n|poke|p2|Mimikyu, L50, F|\n|teampreview|3\n|j| p74\n|inactive|Battle timer is ON: inactive players will automatically lose when time's up. (requested by SongGwanSeop)\n|\n|t:|1776061627\n|teamsize|p1|3\n|teamsize|p2|3\n|start\n|switch|p1a: Chandelure|Chandelure, L50, F|100/100\n|switch|p2a: Primarina|Primarina, L50, M, shiny|100/100\n|turn|1\n|inactive|SongGwanSeop has 30 seconds left.\n|\n|t:|1776061656\n|detailschange|p1a: Chandelure|Chandelure-Mega, L50, F\n|-mega|p1a: Chandelure|Chandelure|Chandelurite\n|move|p1a: Chandelure|Shadow Ball|p2a: Primarina\n|-damage|p2a: Primarina|52/100\n|move|p2a: Primarina|Sparkling Aria|p1a: Chandelure\n|-supereffective|p1a: Chandelure|1\n|-damage|p1a: Chandelure|0 fnt\n|faint|p1a: Chandelure\n|\n|upkeep\n|\n|t:|1776061665\n|switch|p1a: Basculegion|Basculegion, L50, M|100/100\n|turn|2\n|\n|t:|1776061676\n|move|p1a: Basculegion|Last Respects|p2a: Primarina\n|-damage|p2a: Primarina|0 fnt\n|faint|p2a: Primarina\n|\n|upkeep\n|\n|t:|1776061678\n|switch|p2a: Gyarados|Gyarados, L50, F, shiny|100/100\n|-ability|p2a: Gyarados|Intimidate|boost\n|-unboost|p1a: Basculegion|atk|1\n|turn|3\n|\n|t:|1776061684\n|detailschange|p2a: Gyarados|Gyarados-Mega, L50, F, shiny\n|-mega|p2a: Gyarados|Gyarados|Gyaradosite\n|-ability|p2a: Gyarados|Mold Breaker\n|move|p2a: Gyarados|Dragon Dance|p2a: Gyarados\n|-boost|p2a: Gyarados|atk|1\n|-boost|p2a: Gyarados|spe|1\n|move|p1a: Basculegion|Last Respects|p2a: Gyarados\n|-resisted|p2a: Gyarados|1\n|-damage|p2a: Gyarados|85/100\n|\n|upkeep\n|turn|4\n|\n|t:|1776061691\n|switch|p1a: Garchomp|Garchomp, L50, F|100/100\n|move|p2a: Gyarados|Earthquake|p1a: Garchomp\n|-damage|p1a: Garchomp|49/100\n|\n|upkeep\n|turn|5\n|\n|t:|1776061702\n|move|p2a: Gyarados|Crunch|p1a: Garchomp\n|-damage|p1a: Garchomp|0 fnt\n|-damage|p2a: Gyarados|72/100|[from] ability: Rough Skin|[of] p1a: Garchomp\n|faint|p1a: Garchomp\n|\n|upkeep\n|inactive|SongGwanSeop has 30 seconds left.\n|inactive|SongGwanSeop has 20 seconds left.\n|inactive|SongGwanSeop has 15 seconds left.\n|inactive|SongGwanSeop has 10 seconds left.\n|inactive|SongGwanSeop has 5 seconds left.\n|\n|t:|1776061753\n|switch|p1a: Basculegion|Basculegion, L50, M|100/100\n|turn|6\n|-message|SongGwanSeop forfeited.\n|\n|win|KevMev\n|raw|SongGwanSeop's rating: 1112 &rarr; <strong>1092</strong><br />(-20 for losing)\n|raw|KevMev's rating: 1188 &rarr; <strong>1208</strong><br />(+20 for winning)\n|l|\u2606SongGwanSeop\n|player|p1|\n|l|\u2606KevMev\n|player|p2|\n",
  "uploadtime": 1776061929,
  "views": 5,
  "formatid": "gen9championsbssregma",
  "rating": 1092,
  "private": 0,
  "password": null
}