{
  "id": "gen9championsbssregma-2587617606",
  "format": "[Gen 9 Champions] BSS Reg M-A",
  "players": [
    "driflount drifloon",
    "Guest 732735"
  ],
  "log": "|j|\u2606driflount drifloon\n|t:|1776547390\n|gametype|singles\n|player|p1|driflount drifloon|brock|1089\n|player|p2|Guest 732735|2|1000\n|gen|9\n|tier|[Gen 9 Champions] BSS Reg M-A\n|rated|\n|rule|Species Clause: Limit one of each Pok\u00e9mon\n|rule|Item Clause: Limit 1 of each item\n|clearpoke\n|poke|p1|Espathra, L50, F|\n|poke|p1|Lopunny, L50, F|\n|poke|p1|Slowbro, L50, F|\n|poke|p1|Clefable, L50, M|\n|poke|p1|Corviknight, L50, M|\n|poke|p1|Incineroar, L50, F|\n|poke|p2|Aerodactyl, L50, M|\n|poke|p2|Archaludon, L50, M|\n|poke|p2|Araquanid, L50, M|\n|poke|p2|Hippowdon, L50, M|\n|poke|p2|Rotom-Mow, L50|\n|poke|p2|Infernape, L50, M|\n|teampreview|3\n|inactive|Battle timer is ON: inactive players will automatically lose when time's up. (requested by driflount drifloon)\n|inactive|driflount drifloon has 60 seconds left.\n|\n|t:|1776547431\n|teamsize|p1|3\n|teamsize|p2|3\n|start\n|switch|p1a: Espathra|Espathra, L50, F|100/100\n|switch|p2a: Ridley|Aerodactyl, L50, M|100/100\n|-ability|p2a: Ridley|Pressure\n|turn|1\n|\n|t:|1776547444\n|move|p1a: Espathra|Protect|p1a: Espathra\n|-singleturn|p1a: Espathra|Protect\n|move|p2a: Ridley|Earthquake|p1a: Espathra\n|-activate|p1a: Espathra|move: Protect\n|\n|-ability|p1a: Espathra|Speed Boost|boost\n|-boost|p1a: Espathra|spe|1\n|upkeep\n|turn|2\n|-message|Guest 732735 forfeited.\n|\n|win|driflount drifloon\n|raw|driflount drifloon's rating: 1089 &rarr; <strong>1109</strong><br />(+20 for winning)\n|raw|Guest 732735's rating: 1000 &rarr; <strong>1000</strong><br />(+0 for losing)\n|player|p2|\n",
  "uploadtime": 1776547458,
  "views": 1,
  "formatid": "gen9championsbssregma",
  "rating": 1000,
  "private": 0,
  "password": null
}