{
  "id": "gen9championsbssregma-2584279620",
  "format": "[Gen 9 Champions] BSS Reg M-A",
  "players": [
    "Oshawottpoke",
    "jiiiiima"
  ],
  "log": "|j|\u2606Oshawottpoke\n|j|\u2606jiiiiima\n|t:|1776246505\n|gametype|singles\n|player|p1|Oshawottpoke|2|1393\n|player|p2|jiiiiima|102|1304\n|gen|9\n|tier|[Gen 9 Champions] BSS Reg M-A\n|rated|\n|rule|Species Clause: Limit one of each Pok\u00e9mon\n|rule|Item Clause: Limit 1 of each item\n|clearpoke\n|poke|p1|Floette-Eternal, L50, F|\n|poke|p1|Aegislash, L50, F|\n|poke|p1|Garchomp, L50, F|\n|poke|p1|Vaporeon, L50, M|\n|poke|p1|Dragonite, L50, F|\n|poke|p1|Kingambit, L50, M|\n|poke|p2|Sylveon, L50, F|\n|poke|p2|Garchomp, L50, M|\n|poke|p2|Kingambit, L50, F|\n|poke|p2|Mimikyu, L50, M|\n|poke|p2|Dragonite, L50, F|\n|poke|p2|Rotom-Wash, L50|\n|teampreview|3\n|\n|t:|1776246557\n|teamsize|p1|3\n|teamsize|p2|3\n|start\n|switch|p1a: Garchomp|Garchomp, L50, F|100/100\n|switch|p2a: Sylveon|Sylveon, L50, F|100/100\n|turn|1\n|l|\u2606jiiiiima\n|player|p2|\n|inactive|Battle timer is ON: inactive players will automatically lose when time's up. (requested by Oshawottpoke)\n|j|\u2606jiiiiima\n|inactive|jiiiiima reconnected and has 90 seconds left.\n|player|p2|jiiiiima|102|\n|\n|t:|1776246632\n|move|p1a: Garchomp|Stealth Rock|p2a: Sylveon\n|-sidestart|p2: jiiiiima|move: Stealth Rock\n|move|p2a: Sylveon|Hyper Voice|p1a: Garchomp\n|-supereffective|p1a: Garchomp|1\n|-enditem|p1a: Garchomp|Focus Sash\n|-damage|p1a: Garchomp|1/100\n|\n|upkeep\n|turn|2\n|\n|t:|1776246638\n|move|p1a: Garchomp|Earthquake|p2a: Sylveon\n|-damage|p2a: Sylveon|40/100\n|move|p2a: Sylveon|Hyper Voice|p1a: Garchomp\n|-supereffective|p1a: Garchomp|1\n|-damage|p1a: Garchomp|0 fnt\n|faint|p1a: Garchomp\n|\n|-heal|p2a: Sylveon|46/100|[from] item: Leftovers\n|upkeep\n|\n|t:|1776246641\n|switch|p1a: Floette|Floette-Eternal, L50, F|100/100\n|turn|3\n|\n|t:|1776246651\n|detailschange|p1a: Floette|Floette-Mega, L50, F\n|-mega|p1a: Floette|Floette|Floettite\n|-ability|p1a: Floette|Fairy Aura\n|move|p1a: Floette|Calm Mind|p1a: Floette\n|-boost|p1a: Floette|spa|1\n|-boost|p1a: Floette|spd|1\n|move|p2a: Sylveon|Hyper Voice|p1a: Floette\n|-damage|p1a: Floette|63/100\n|\n|-heal|p2a: Sylveon|52/100|[from] item: Leftovers\n|upkeep\n|turn|4\n|j| p74\n|inactive|Oshawottpoke has 30 seconds left.\n|inactive|Oshawottpoke has 20 seconds left.\n|inactive|Oshawottpoke has 15 seconds left.\n|inactive|Oshawottpoke has 10 seconds left.\n|inactive|Oshawottpoke has 5 seconds left.\n|\n|t:|1776246706\n|move|p1a: Floette|Moonblast|p2a: Sylveon\n|-damage|p2a: Sylveon|0 fnt\n|faint|p2a: Sylveon\n|\n|upkeep\n|\n|t:|1776246719\n|switch|p2a: Garchomp|Garchomp, L50, M|100/100\n|-damage|p2a: Garchomp|94/100|[from] Stealth Rock\n|turn|5\n|\n|t:|1776246733\n|move|p2a: Garchomp|Earthquake|p1a: Floette\n|-damage|p1a: Floette|0 fnt\n|faint|p1a: Floette\n|\n|upkeep\n|\n|t:|1776246736\n|switch|p1a: Vaporeon|Vaporeon, L50, M|100/100\n|turn|6\n|-message|Oshawottpoke forfeited.\n|\n|win|jiiiiima\n|raw|Oshawottpoke's rating: 1393 &rarr; <strong>1368</strong><br />(-25 for losing)\n|raw|jiiiiima's rating: 1304 &rarr; <strong>1329</strong><br />(+25 for winning)\n|l|\u2606Oshawottpoke\n|player|p1|\n|l|\u2606jiiiiima\n|player|p2|\n",
  "uploadtime": 1776246763,
  "views": 8,
  "formatid": "gen9championsbssregma",
  "rating": 1329,
  "private": 0,
  "password": null
}