{
  "id": "gen9championsbssregma-2581133920",
  "format": "[Gen 9 Champions] BSS Reg M-A",
  "players": [
    "CloudWatcherTian",
    "Fabianqr"
  ],
  "log": "|j|\u2606CloudWatcherTian\n|j|\u2606Fabianqr\n|t:|1775963129\n|gametype|singles\n|player|p1|CloudWatcherTian|birdkeeper|1077\n|player|p2|Fabianqr|n|1000\n|gen|9\n|tier|[Gen 9 Champions] BSS Reg M-A\n|rated|\n|rule|Species Clause: Limit one of each Pok\u00e9mon\n|rule|Item Clause: Limit 1 of each item\n|clearpoke\n|poke|p1|Sneasler, L50, F|\n|poke|p1|Gyarados, L50, M|\n|poke|p1|Incineroar, L50, F|\n|poke|p1|Gliscor, L50, M|\n|poke|p1|Bellibolt, L50, F|\n|poke|p1|Mamoswine, L50, M|\n|poke|p2|Floette-Eternal, L50, F|\n|poke|p2|Orthworm, L50, M|\n|poke|p2|Typhlosion, L50, M|\n|poke|p2|Dragapult, L50, M|\n|poke|p2|Lucario, L50, M|\n|poke|p2|Hippowdon, L50, F|\n|teampreview|3\n|c|\u2606CloudWatcherTian|Welcome, glhf!\n|c|\u2606CloudWatcherTian|Oh! Its you again!\n|c|\u2606CloudWatcherTian|Ready for Round 2?\n|inactive|Battle timer is ON: inactive players will automatically lose when time's up. (requested by Fabianqr)\n|c|\u2606Fabianqr|shi\n|\n|t:|1775963175\n|teamsize|p1|3\n|teamsize|p2|3\n|start\n|switch|p1a: Igarashi|Gyarados, L50, M, shiny|100/100\n|switch|p2a: Hippowdon|Hippowdon, L50, F|100/100\n|-ability|p1a: Igarashi|Intimidate|boost\n|-unboost|p2a: Hippowdon|atk|1\n|-weather|Sandstorm|[from] ability: Sand Stream|[of] p2a: Hippowdon\n|turn|1\n|inactive|CloudWatcherTian has 30 seconds left.\n|\n|t:|1775963204\n|switch|p2a: Lucario|Lucario, L50, M|100/100\n|move|p1a: Igarashi|Waterfall|p2a: Lucario\n|-damage|p2a: Lucario|30/100\n|\n|-weather|Sandstorm|[upkeep]\n|-damage|p1a: Igarashi|95/100|[from] Sandstorm\n|upkeep\n|turn|2\n|\n|t:|1775963213\n|move|p2a: Lucario|Extreme Speed|p1a: Igarashi\n|-damage|p1a: Igarashi|59/100\n|move|p1a: Igarashi|Earthquake|p2a: Lucario\n|-supereffective|p2a: Lucario|1\n|-damage|p2a: Lucario|0 fnt\n|faint|p2a: Lucario\n|\n|-weather|Sandstorm|[upkeep]\n|-damage|p1a: Igarashi|53/100|[from] Sandstorm\n|upkeep\n|\n|t:|1775963217\n|switch|p2a: Typhlosion|Typhlosion, L50, M|100/100\n|turn|3\n|\n|t:|1775963228\n|detailschange|p1a: Igarashi|Gyarados-Mega, L50, M, shiny\n|-mega|p1a: Igarashi|Gyarados|Gyaradosite\n|-ability|p1a: Igarashi|Mold Breaker\n|move|p2a: Typhlosion|Shadow Ball|p1a: Igarashi\n|-resisted|p1a: Igarashi|1\n|-damage|p1a: Igarashi|42/100\n|move|p1a: Igarashi|Waterfall|p2a: Typhlosion\n|-supereffective|p2a: Typhlosion|1\n|-damage|p2a: Typhlosion|0 fnt\n|faint|p2a: Typhlosion\n|\n|-weather|Sandstorm|[upkeep]\n|-damage|p1a: Igarashi|37/100|[from] Sandstorm\n|upkeep\n|-message|Fabianqr forfeited.\n|\n|win|CloudWatcherTian\n|raw|CloudWatcherTian's rating: 1077 &rarr; <strong>1099</strong><br />(+22 for winning)\n|raw|Fabianqr's rating: 1000 &rarr; <strong>1000</strong><br />(+0 for losing)\n|l|\u2606Fabianqr\n|player|p2|\n|c|\u2606CloudWatcherTian|Uh oh\n",
  "uploadtime": 1775963248,
  "views": 11,
  "formatid": "gen9championsbssregma",
  "rating": 1000,
  "private": 0,
  "password": null
}