{
  "id": "gen9championsbssregma-2584402675",
  "format": "[Gen 9 Champions] BSS Reg M-A",
  "players": [
    "7philip",
    "EkCantDrawLol"
  ],
  "log": "|j|\u26067philip\n|j|\u203dEkCantDrawLol\n|t:|1776258303\n|gametype|singles\n|player|p1|7philip|102|1086\n|player|p2|EkCantDrawLol|skierf|1162\n|gen|9\n|tier|[Gen 9 Champions] BSS Reg M-A\n|rated|\n|rule|Species Clause: Limit one of each Pok\u00e9mon\n|rule|Item Clause: Limit 1 of each item\n|clearpoke\n|poke|p1|Floette-Eternal, L50, F|\n|poke|p1|Garchomp, L50, F|\n|poke|p1|Kingambit, L50, M|\n|poke|p1|Empoleon, L50, M|\n|poke|p1|Aegislash, L50, F|\n|poke|p1|Dragonite, L50, M|\n|poke|p2|Garchomp, L50, M|\n|poke|p2|Rotom-Frost, L50|\n|poke|p2|Gengar, L50, F|\n|poke|p2|Lucario, L50, F|\n|poke|p2|Charizard, L50, F|\n|poke|p2|Primarina, L50, F|\n|teampreview|3\n|inactive|Battle timer is ON: inactive players will automatically lose when time's up. (requested by EkCantDrawLol)\n|\n|t:|1776258334\n|teamsize|p1|3\n|teamsize|p2|3\n|start\n|switch|p1a: Garchomp|Garchomp, L50, F|100/100\n|switch|p2a: Gengar|Gengar, L50, F|100/100\n|turn|1\n|\n|t:|1776258352\n|switch|p2a: Primarina|Primarina, L50, F|100/100\n|move|p1a: Garchomp|Scale Shot|p2a: Primarina\n|-immune|p2a: Primarina\n|\n|upkeep\n|turn|2\n|-activate|p2a: Primarina|item: Quick Claw\n|\n|t:|1776258366\n|switch|p1a: Aegislash|Aegislash, L50, F|100/100\n|move|p2a: Primarina|Moonblast|p1a: Aegislash\n|-resisted|p1a: Aegislash|1\n|-damage|p1a: Aegislash|77/100\n|\n|upkeep\n|turn|3\n|\n|t:|1776258375\n|move|p1a: Aegislash|Swords Dance|p1a: Aegislash\n|-boost|p1a: Aegislash|atk|2\n|move|p2a: Primarina|Hyper Voice|p1a: Aegislash\n|-damage|p1a: Aegislash|33/100\n|\n|upkeep\n|turn|4\n|inactiveoff|Battle timer is now OFF.\n|-activate|p2a: Primarina|item: Quick Claw\n|\n|t:|1776258390\n|move|p2a: Primarina|Hyper Voice|p1a: Aegislash\n|-damage|p1a: Aegislash|0 fnt\n|faint|p1a: Aegislash\n|\n|upkeep\n|l|\u203dEkCantDrawLol\n|player|p2|\n|j|\u203dEkCantDrawLol\n|player|p2|EkCantDrawLol|skierf|\n|n|\u203dEkCantDrawLol|ekcantdrawlol\n|inactive|Battle timer is ON: inactive players will automatically lose when time's up. (requested by EkCantDrawLol)\n|l|\u203dEkCantDrawLol\n|inactive|EkCantDrawLol disconnected and has a minute to reconnect!\n|player|p2|\n|j|\u203dEkCantDrawLol\n|inactive|EkCantDrawLol reconnected.\n|player|p2|EkCantDrawLol|skierf|\n|n|\u203dEkCantDrawLol|ekcantdrawlol\n|inactive|7philip has 30 seconds left.\n|inactive|7philip has 20 seconds left.\n|inactive|7philip has 15 seconds left.\n|inactive|7philip has 10 seconds left.\n|inactive|7philip has 5 seconds left.\n|\n|t:|1776258646\n|switch|p1a: Dragonite|Dragonite, L50, M|100/100\n|turn|5\n|inactive|7philip has 30 seconds left.\n|inactive|7philip has 20 seconds left.\n|inactive|7philip has 15 seconds left.\n|inactive|7philip has 10 seconds left.\n|inactive|7philip has 5 seconds left.\n|\n|t:|1776258701\n|move|p1a: Dragonite|Draco Meteor|p2a: Primarina\n|-immune|p2a: Primarina\n|move|p2a: Primarina|Moonblast|p1a: Dragonite\n|-supereffective|p1a: Dragonite|1\n|-damage|p1a: Dragonite|52/100\n|\n|upkeep\n|turn|6\n|inactive|7philip has 30 seconds left.\n|inactive|7philip has 20 seconds left.\n|inactive|7philip has 15 seconds left.\n|inactive|7philip has 10 seconds left.\n|inactive|7philip has 5 seconds left.\n|\n|t:|1776258756\n|move|p1a: Dragonite|Draco Meteor|p2a: Primarina\n|-immune|p2a: Primarina\n|move|p2a: Primarina|Moonblast|p1a: Dragonite\n|-supereffective|p1a: Dragonite|1\n|-damage|p1a: Dragonite|0 fnt\n|faint|p1a: Dragonite\n|\n|upkeep\n|inactive|7philip has 30 seconds left.\n|inactive|7philip has 20 seconds left.\n|inactive|7philip has 15 seconds left.\n|inactive|7philip has 10 seconds left.\n|inactive|7philip has 5 seconds left.\n|\n|t:|1776258812\n|switch|p1a: Garchomp|Garchomp, L50, F|100/100\n|turn|7\n|inactive|7philip has 30 seconds left.\n|inactive|7philip has 20 seconds left.\n|inactive|7philip has 15 seconds left.\n|inactive|7philip has 10 seconds left.\n|inactive|7philip has 5 seconds left.\n|\n|t:|1776258867\n|move|p1a: Garchomp|Scale Shot|p2a: Primarina\n|-immune|p2a: Primarina\n|move|p2a: Primarina|Moonblast|p1a: Garchomp\n|-supereffective|p1a: Garchomp|1\n|-enditem|p1a: Garchomp|Focus Sash\n|-damage|p1a: Garchomp|1/100\n|\n|upkeep\n|turn|8\n|inactive|7philip has 30 seconds left.\n|inactive|7philip has 20 seconds left.\n|inactive|7philip has 15 seconds left.\n|inactive|7philip has 10 seconds left.\n|inactive|7philip has 5 seconds left.\n|-activate|p2a: Primarina|item: Quick Claw\n|\n|t:|1776258922\n|move|p2a: Primarina|Moonblast|p1a: Garchomp\n|-supereffective|p1a: Garchomp|1\n|-damage|p1a: Garchomp|0 fnt\n|faint|p1a: Garchomp\n|\n|win|EkCantDrawLol\n|raw|7philip's rating: 1092 &rarr; <strong>1073</strong><br />(-19 for losing)\n|raw|EkCantDrawLol's rating: 1162 &rarr; <strong>1182</strong><br />(+20 for winning)\n",
  "uploadtime": 1776259025,
  "views": 7,
  "formatid": "gen9championsbssregma",
  "rating": 1073,
  "private": 0,
  "password": null
}